seq,key,time,price,size,sequence,bid,ask,last,bidSize,askSize,lastSize,quoteTime,tradeTime,level,bidIncr,askIncr
3312,SPY,1601060061670,327.715,200,192247,327.7,327.71,327.71,100,700,200,1601060062635,1601060062570,5,0,0
3313,SPY,1601060061671,327.72,100,192248,327.7,327.71,327.71,100,700,200,1601060062635,1601060062570,5,0,0
3314,SPY,1601060061671,327.72,100,192249,327.7,327.71,327.71,100,700,200,1601060062635,1601060062570,5,0,0
3315,SPY,1601060061677,327.725,100,192250,327.7,327.71,327.71,100,700,200,1601060062635,1601060062570,5,0,0
3316,SPY,1601060062566,327.72,100,192251,327.7,327.71,327.71,100,700,200,1601060062635,1601060062570,5,0,0
3317,SPY,1601060062566,327.72,100,192252,327.7,327.71,327.71,100,700,200,1601060062635,1601060062570,5,0,0
3318,SPY,1601060062567,327.72,100,192253,327.7,327.71,327.71,100,700,200,1601060062635,1601060062570,5,0,0
3319,SPY,1601060062567,327.72,100,192254,327.7,327.71,327.71,100,700,200,1601060062635,1601060062570,5,0,0
3320,SPY,1601060062567,327.72,100,192255,327.7,327.71,327.71,100,700,200,1601060062635,1601060062570,5,0,0
3321,SPY,1601060062567,327.71,100,192256,327.7,327.71,327.71,100,700,200,1601060062635,1601060062570,4,0,0
3322,SPY,1601060062570,327.71,200,192257,327.7,327.71,327.71,100,700,200,1601060062635,1601060062570,4,0,0
3323,SPY,1601060062809,327.705,300,192258,327.7,327.71,327.705,200,600,200,1601060063278,1601060062809,2,0,0
3324,SPY,1601060062809,327.705,100,192259,327.7,327.71,327.705,200,600,200,1601060063278,1601060062809,2,0,0
3325,SPY,1601060062809,327.705,260,192260,327.7,327.71,327.705,200,600,200,1601060063278,1601060062809,2,0,0
3326,SPY,1601060063931,327.705,100,192261,327.72,327.73,327.725,100,400,300,1601060064341,1601060064188,1,0,0.020019531
3327,SPY,1601060064095,327.705,100,192262,327.72,327.73,327.725,100,400,300,1601060064341,1601060064188,1,0,0
3328,SPY,1601060064096,327.71,100,192263,327.72,327.73,327.725,100,400,300,1601060064341,1601060064188,1,0,0
3329,SPY,1601060064188,327.725,552,192264,327.72,327.73,327.725,100,400,300,1601060064341,1601060064188,2,0,0
3330,SPY,1601060064188,327.725,300,192265,327.72,327.73,327.725,100,400,300,1601060064341,1601060064188,2,0,0
3331,SPY,1601060064576,327.725,100,192266,327.72,327.73,327.725,100,400,300,1601060064341,1601060064188,2,0,0
3332,SPY,1601060064576,327.73,100,192267,327.72,327.73,327.725,100,400,300,1601060064341,1601060064188,4,0,0
3333,SPY,1601060064591,327.74,100,192268,327.72,327.73,327.725,100,400,300,1601060064341,1601060064188,5,0,0
3334,SPY,1601060064591,327.74,100,192269,327.72,327.73,327.725,100,400,300,1601060064341,1601060064188,5,0,0
3335,SPY,1601060064591,327.74,100,192270,327.72,327.73,327.725,100,400,300,1601060064341,1601060064188,5,0,0
3336,SPY,1601060064591,327.74,100,192271,327.72,327.73,327.725,100,400,300,1601060064341,1601060064188,5,0,0
3337,SPY,1601060064591,327.74,100,192272,327.72,327.73,327.725,100,400,300,1601060064341,1601060064188,5,0,0
3338,SPY,1601060065037,327.735,100,192273,327.72,327.73,327.725,100,400,300,1601060064341,1601060064188,5,0,0
3339,SPY,1601060065037,327.735,100,192274,327.72,327.73,327.725,100,400,300,1601060064341,1601060064188,5,0,0
3340,SPY,1601060065037,327.735,100,192275,327.72,327.73,327.725,100,400,300,1601060064341,1601060064188,5,0,0
3341,SPY,1601060065037,327.735,100,192276,327.72,327.73,327.725,100,400,300,1601060064341,1601060064188,5,0,0
3342,SPY,1601060065037,327.735,200,192277,327.72,327.73,327.725,100,400,300,1601060064341,1601060064188,5,0,0
3343,SPY,1601060065037,327.735,100,192278,327.72,327.73,327.725,100,400,300,1601060064341,1601060064188,5,0,0
3344,SPY,1601060065037,327.74,100,192279,327.72,327.73,327.725,100,400,300,1601060064341,1601060064188,5,0,0
3345,SPY,1601060065037,327.74,100,192280,327.72,327.73,327.725,100,400,300,1601060064341,1601060064188,5,0,0
3346,SPY,1601060065037,327.75,100,192281,327.72,327.73,327.725,100,400,300,1601060064341,1601060064188,5,0,0
3347,SPY,1601060065037,327.75,200,192282,327.72,327.73,327.725,100,400,300,1601060064341,1601060064188,5,0,0
3348,SPY,1601060065037,327.76,100,192283,327.72,327.73,327.725,100,400,300,1601060064341,1601060064188,5,0,0
3349,SPY,1601060065037,327.76,200,192284,327.72,327.73,327.725,100,400,300,1601060064341,1601060064188,5,0,0
3350,SPY,1601060065037,327.76,300,192285,327.72,327.73,327.725,100,400,300,1601060064341,1601060064188,5,0,0
3351,SPY,1601060065037,327.74,100,192286,327.72,327.73,327.725,100,400,300,1601060064341,1601060064188,5,0,0
3352,SPY,1601060065037,327.74,100,192287,327.72,327.73,327.725,100,400,300,1601060064341,1601060064188,5,0,0
3353,SPY,1601060065037,327.75,100,192288,327.72,327.73,327.725,100,400,300,1601060064341,1601060064188,5,0,0
3354,SPY,1601060065037,327.75,100,192289,327.72,327.73,327.725,100,400,300,1601060064341,1601060064188,5,0,0
3355,SPY,1601060065037,327.75,200,192290,327.72,327.73,327.725,100,400,300,1601060064341,1601060064188,5,0,0
3356,SPY,1601060065037,327.75,100,192291,327.72,327.73,327.725,100,400,300,1601060064341,1601060064188,5,0,0
3357,SPY,1601060065037,327.75,100,192292,327.72,327.73,327.725,100,400,300,1601060064341,1601060064188,5,0,0
3358,SPY,1601060065037,327.75,100,192293,327.72,327.73,327.725,100,400,300,1601060064341,1601060064188,5,0,0
3359,SPY,1601060065037,327.75,100,192294,327.72,327.73,327.725,100,400,300,1601060064341,1601060064188,5,0,0
3360,SPY,1601060065037,327.77,100,192295,327.72,327.73,327.725,100,400,300,1601060064341,1601060064188,5,0,0
3361,SPY,1601060065037,327.76,100,192296,327.72,327.73,327.725,100,400,300,1601060064341,1601060064188,5,0,0
3362,SPY,1601060065038,327.76,100,192297,327.72,327.73,327.725,100,400,300,1601060064341,1601060064188,5,0,0
3363,SPY,1601060065038,327.76,300,192298,327.72,327.73,327.725,100,400,300,1601060064341,1601060064188,5,0,0
3364,SPY,1601060065038,327.74,100,192299,327.72,327.73,327.725,100,400,300,1601060064341,1601060064188,5,0,0
3365,SPY,1601060065038,327.75,100,192300,327.72,327.73,327.725,100,400,300,1601060064341,1601060064188,5,0,0
3366,SPY,1601060065038,327.74,100,192301,327.72,327.73,327.725,100,400,300,1601060064341,1601060064188,5,0,0
3367,SPY,1601060065042,327.77,100,192302,327.72,327.73,327.725,100,400,300,1601060064341,1601060064188,5,0,0
3368,SPY,1601060065042,327.77,200,192303,327.72,327.73,327.725,100,400,300,1601060064341,1601060064188,5,0,0
3369,SPY,1601060065042,327.76,100,192304,327.72,327.73,327.725,100,400,300,1601060064341,1601060064188,5,0,0
3370,SPY,1601060065042,327.76,100,192305,327.72,327.73,327.725,100,400,300,1601060064341,1601060064188,5,0,0
3371,SPY,1601060065042,327.78,100,192306,327.72,327.73,327.725,100,400,300,1601060064341,1601060064188,5,0,0
3372,SPY,1601060065042,327.77,200,192307,327.72,327.73,327.725,100,400,300,1601060064341,1601060064188,5,0,0
3373,SPY,1601060065042,327.77,100,192308,327.72,327.73,327.725,100,400,300,1601060064341,1601060064188,5,0,0
3374,SPY,1601060065043,327.78,100,192309,327.72,327.73,327.725,100,400,300,1601060064341,1601060064188,5,0,0
3375,SPY,1601060065044,327.79,100,192310,327.72,327.73,327.725,100,400,300,1601060064341,1601060064188,5,0,0
3376,SPY,1601060065045,327.78,300,192311,327.72,327.73,327.725,100,400,300,1601060064341,1601060064188,5,0,0
3377,SPY,1601060065045,327.78,100,192312,327.72,327.73,327.725,100,400,300,1601060064341,1601060064188,5,0,0
3378,SPY,1601060065045,327.79,100,192313,327.72,327.73,327.725,100,400,300,1601060064341,1601060064188,5,0,0
3379,SPY,1601060065045,327.79,100,192314,327.72,327.73,327.725,100,400,300,1601060064341,1601060064188,5,0,0
3380,SPY,1601060065045,327.79,100,192315,327.72,327.73,327.725,100,400,300,1601060064341,1601060064188,5,0,0
3381,SPY,1601060065046,327.79,300,192316,327.72,327.73,327.725,100,400,300,1601060064341,1601060064188,5,0,0
3382,SPY,1601060065046,327.79,100,192317,327.72,327.73,327.725,100,400,300,1601060064341,1601060064188,5,0,0
3383,SPY,1601060065046,327.79,100,192318,327.72,327.73,327.725,100,400,300,1601060064341,1601060064188,5,0,0
3384,SPY,1601060065046,327.79,300,192319,327.72,327.73,327.725,100,400,300,1601060064341,1601060064188,5,0,0
3385,SPY,1601060065047,327.8,100,192320,327.72,327.73,327.725,100,400,300,1601060064341,1601060064188,5,0,0
3386,SPY,1601060065047,327.8,100,192321,327.72,327.73,327.725,100,400,300,1601060064341,1601060064188,5,0,0
3387,SPY,1601060065047,327.8,500,192322,327.72,327.73,327.725,100,400,300,1601060064341,1601060064188,5,0,0
3388,SPY,1601060065047,327.8,125,192323,327.72,327.73,327.725,100,400,300,1601060064341,1601060064188,5,0,0
3389,SPY,1601060065047,327.8,100,192324,327.72,327.73,327.725,100,400,300,1601060064341,1601060064188,5,0,0
3390,SPY,1601060065048,327.8,500,192325,327.72,327.73,327.725,100,400,300,1601060064341,1601060064188,5,0,0
3391,SPY,1601060065048,327.8,100,192326,327.72,327.73,327.725,100,400,300,1601060064341,1601060064188,5,0,0
3392,SPY,1601060065051,327.82,100,192327,327.72,327.73,327.725,100,400,300,1601060064341,1601060064188,5,0,0
3393,SPY,1601060065051,327.82,100,192328,327.72,327.73,327.725,100,400,300,1601060064341,1601060064188,5,0,0
3394,SPY,1601060065052,327.83,100,192329,327.72,327.73,327.725,100,400,300,1601060064341,1601060064188,5,0,0
3395,SPY,1601060065053,327.83,100,192330,327.72,327.73,327.725,100,400,300,1601060064341,1601060064188,5,0,0
3396,SPY,1601060065053,327.83,100,192331,327.72,327.73,327.725,100,400,300,1601060064341,1601060064188,5,0,0
3397,SPY,1601060065056,327.83,100,192332,327.72,327.73,327.725,100,400,300,1601060064341,1601060064188,5,0,0
3398,SPY,1601060065056,327.83,100,192333,327.72,327.73,327.725,100,400,300,1601060064341,1601060064188,5,0,0
3399,SPY,1601060065057,327.82,100,192334,327.72,327.73,327.725,100,400,300,1601060064341,1601060064188,5,0,0
3400,SPY,1601060065059,327.83,131,192335,327.72,327.73,327.725,100,400,300,1601060064341,1601060064188,5,0,0
3401,SPY,1601060065060,327.83,100,192336,327.72,327.73,327.725,100,400,300,1601060064341,1601060064188,5,0,0
3402,SPY,1601060065060,327.83,200,192337,327.72,327.73,327.725,100,400,300,1601060064341,1601060064188,5,0,0
3403,SPY,1601060065060,327.83,400,192338,327.72,327.73,327.725,100,400,300,1601060064341,1601060064188,5,0,0
3404,SPY,1601060065060,327.83,100,192339,327.72,327.73,327.725,100,400,300,1601060064341,1601060064188,5,0,0
3405,SPY,1601060065060,327.83,100,192340,327.72,327.73,327.725,100,400,300,1601060064341,1601060064188,5,0,0
3406,SPY,1601060065061,327.83,100,192341,327.72,327.73,327.725,100,400,300,1601060064341,1601060064188,5,0,0
3407,SPY,1601060065061,327.83,100,192342,327.72,327.73,327.725,100,400,300,1601060064341,1601060064188,5,0,0
3408,SPY,1601060065062,327.83,100,192343,327.72,327.73,327.725,100,400,300,1601060064341,1601060064188,5,0,0
3409,SPY,1601060065062,327.83,100,192344,327.72,327.73,327.725,100,400,300,1601060064341,1601060064188,5,0,0
3410,SPY,1601060065062,327.83,100,192345,327.72,327.73,327.725,100,400,300,1601060064341,1601060064188,5,0,0
3411,SPY,1601060065067,327.83,100,192346,327.72,327.73,327.725,100,400,300,1601060064341,1601060064188,5,0,0
3412,SPY,1601060065067,327.83,100,192347,327.72,327.73,327.725,100,400,300,1601060064341,1601060064188,5,0,0
3413,SPY,1601060065067,327.83,400,192348,327.72,327.73,327.725,100,400,300,1601060064341,1601060064188,5,0,0
3414,SPY,1601060065067,327.83,100,192349,327.72,327.73,327.725,100,400,300,1601060064341,1601060064188,5,0,0
3415,SPY,1601060065067,327.84,110,192350,327.72,327.73,327.725,100,400,300,1601060064341,1601060064188,5,0,0
3416,SPY,1601060065067,327.83,100,192351,327.72,327.73,327.725,100,400,300,1601060064341,1601060064188,5,0,0
3417,SPY,1601060065070,327.83,200,192352,327.72,327.73,327.725,100,400,300,1601060064341,1601060064188,5,0,0
3418,SPY,1601060065074,327.82,200,192353,327.72,327.73,327.725,100,400,300,1601060064341,1601060064188,5,0,0
3419,SPY,1601060065075,327.819,150,192354,327.72,327.73,327.725,100,400,300,1601060064341,1601060064188,5,0,0
3420,SPY,1601060065103,327.81,100,192355,327.72,327.73,327.725,100,400,300,1601060064341,1601060064188,5,0,0
3421,SPY,1601060065103,327.81,100,192356,327.72,327.73,327.725,100,400,300,1601060064341,1601060064188,5,0,0
3422,SPY,1601060065105,327.8175,100,192357,327.72,327.73,327.725,100,400,300,1601060064341,1601060064188,5,0,0
3423,SPY,1601060065107,327.82,100,192358,327.72,327.73,327.725,100,400,300,1601060064341,1601060064188,5,0,0
3424,SPY,1601060065118,327.82,100,192359,327.72,327.73,327.725,100,400,300,1601060064341,1601060064188,5,0,0
3425,SPY,1601060065158,327.83,700,192360,327.72,327.73,327.725,100,400,300,1601060064341,1601060064188,5,0,0
3426,SPY,1601060065173,327.82,279,192361,327.72,327.73,327.725,100,400,300,1601060064341,1601060064188,5,0,0
3427,SPY,1601060065173,327.83,904,192362,327.72,327.73,327.725,100,400,300,1601060064341,1601060064188,5,0,0
3428,SPY,1601060065173,327.84,334,192363,327.72,327.73,327.725,100,400,300,1601060064341,1601060064188,5,0,0
3429,SPY,1601060065173,327.85,246,192364,327.72,327.73,327.725,100,400,300,1601060064341,1601060064188,5,0,0
3430,SPY,1601060065173,327.82,200,192365,327.72,327.73,327.725,100,400,300,1601060064341,1601060064188,5,0,0
3431,SPY,1601060065173,327.82,200,192366,327.72,327.73,327.725,100,400,300,1601060064341,1601060064188,5,0,0
3432,SPY,1601060065173,327.83,200,192367,327.72,327.73,327.725,100,400,300,1601060064341,1601060064188,5,0,0
3433,SPY,1601060065173,327.82,100,192368,327.72,327.73,327.725,100,400,300,1601060064341,1601060064188,5,0,0
3434,SPY,1601060065173,327.82,100,192369,327.72,327.73,327.725,100,400,300,1601060064341,1601060064188,5,0,0
3435,SPY,1601060065173,327.82,200,192370,327.72,327.73,327.725,100,400,300,1601060064341,1601060064188,5,0,0
3436,SPY,1601060065173,327.82,100,192371,327.72,327.73,327.725,100,400,300,1601060064341,1601060064188,5,0,0
3437,SPY,1601060065173,327.82,200,192372,327.72,327.73,327.725,100,400,300,1601060064341,1601060064188,5,0,0
3438,SPY,1601060065173,327.82,184,192373,327.72,327.73,327.725,100,400,300,1601060064341,1601060064188,5,0,0
3439,SPY,1601060065173,327.82,100,192374,327.72,327.73,327.725,100,400,300,1601060064341,1601060064188,5,0,0
3440,SPY,1601060065173,327.82,100,192375,327.72,327.73,327.725,100,400,300,1601060064341,1601060064188,5,0,0
3441,SPY,1601060065173,327.82,100,192376,327.72,327.73,327.725,100,400,300,1601060064341,1601060064188,5,0,0
3442,SPY,1601060065173,327.82,100,192377,327.72,327.73,327.725,100,400,300,1601060064341,1601060064188,5,0,0
3443,SPY,1601060065173,327.82,200,192378,327.72,327.73,327.725,100,400,300,1601060064341,1601060064188,5,0,0
3444,SPY,1601060065173,327.83,153,192379,327.72,327.73,327.725,100,400,300,1601060064341,1601060064188,5,0,0
3445,SPY,1601060065173,327.82,100,192380,327.72,327.73,327.725,100,400,300,1601060064341,1601060064188,5,0,0
3446,SPY,1601060065173,327.83,100,192381,327.72,327.73,327.725,100,400,300,1601060064341,1601060064188,5,0,0
3447,SPY,1601060065173,327.83,162,192382,327.72,327.73,327.725,100,400,300,1601060064341,1601060064188,5,0,0
3448,SPY,1601060065173,327.83,112,192383,327.72,327.73,327.725,100,400,300,1601060064341,1601060064188,5,0,0
3449,SPY,1601060065173,327.83,165,192384,327.72,327.73,327.725,100,400,300,1601060064341,1601060064188,5,0,0
3450,SPY,1601060065173,327.82,200,192385,327.72,327.73,327.725,100,400,300,1601060064341,1601060064188,5,0,0
3451,SPY,1601060065173,327.82,300,192386,327.72,327.73,327.725,100,400,300,1601060064341,1601060064188,5,0,0
3452,SPY,1601060065173,327.82,200,192387,327.72,327.73,327.725,100,400,300,1601060064341,1601060064188,5,0,0
3453,SPY,1601060065173,327.82,100,192388,327.72,327.73,327.725,100,400,300,1601060064341,1601060064188,5,0,0
3454,SPY,1601060065173,327.82,100,192389,327.72,327.73,327.725,100,400,300,1601060064341,1601060064188,5,0,0
3455,SPY,1601060065173,327.84,448,192390,327.72,327.73,327.725,100,400,300,1601060064341,1601060064188,5,0,0
3456,SPY,1601060065173,327.82,100,192391,327.72,327.73,327.725,100,400,300,1601060064341,1601060064188,5,0,0
3457,SPY,1601060065173,327.82,119,192392,327.72,327.73,327.725,100,400,300,1601060064341,1601060064188,5,0,0
3458,SPY,1601060065173,327.82,100,192393,327.72,327.73,327.725,100,400,300,1601060064341,1601060064188,5,0,0
3459,SPY,1601060065173,327.82,100,192394,327.72,327.73,327.725,100,400,300,1601060064341,1601060064188,5,0,0
3460,SPY,1601060065173,327.82,100,192395,327.72,327.73,327.725,100,400,300,1601060064341,1601060064188,5,0,0
3461,SPY,1601060065173,327.82,100,192396,327.72,327.73,327.725,100,400,300,1601060064341,1601060064188,5,0,0
3462,SPY,1601060065174,327.77,100,192397,327.72,327.73,327.725,100,400,300,1601060064341,1601060064188,5,0,0
3463,SPY,1601060065174,327.81,250,192398,327.72,327.73,327.725,100,400,300,1601060064341,1601060064188,5,0,0
3464,SPY,1601060065174,327.82,100,192399,327.72,327.73,327.725,100,400,300,1601060064341,1601060064188,5,0,0
3465,SPY,1601060065174,327.82,100,192400,327.72,327.73,327.725,100,400,300,1601060064341,1601060064188,5,0,0
3466,SPY,1601060065176,327.82,100,192401,327.72,327.73,327.725,100,400,300,1601060064341,1601060064188,5,0,0
3467,SPY,1601060065177,327.82,100,192402,327.72,327.73,327.725,100,400,300,1601060064341,1601060064188,5,0,0
3468,SPY,1601060065177,327.82,100,192403,327.72,327.73,327.725,100,400,300,1601060064341,1601060064188,5,0,0
3469,SPY,1601060065186,327.82,100,192404,327.72,327.73,327.725,100,400,300,1601060064341,1601060064188,5,0,0
3470,SPY,1601060065218,327.83,200,192405,327.72,327.73,327.725,100,400,300,1601060064341,1601060064188,5,0,0
3471,SPY,1601060065246,327.828,100,192406,327.72,327.73,327.725,100,400,300,1601060064341,1601060064188,5,0,0
3472,SPY,1601060065328,327.81,100,192407,327.72,327.73,327.725,100,400,300,1601060064341,1601060064188,5,0,0
3473,SPY,1601060065329,327.81,100,192408,327.72,327.73,327.725,100,400,300,1601060064341,1601060064188,5,0,0
3474,SPY,1601060065330,327.81,100,192409,327.72,327.73,327.725,100,400,300,1601060064341,1601060064188,5,0,0
3475,SPY,1601060065331,327.81,100,192410,327.72,327.73,327.725,100,400,300,1601060064341,1601060064188,5,0,0
3476,SPY,1601060065377,327.81,100,192411,327.72,327.73,327.725,100,400,300,1601060064341,1601060064188,5,0,0
3477,SPY,1601060065378,327.81,100,192412,327.72,327.73,327.725,100,400,300,1601060064341,1601060064188,5,0,0
3478,SPY,1601060065397,327.82,100,192413,327.72,327.73,327.725,100,400,300,1601060064341,1601060064188,5,0,0
3479,SPY,1601060065397,327.82,100,192414,327.72,327.73,327.725,100,400,300,1601060064341,1601060064188,5,0,0
3480,SPY,1601060065397,327.82,100,192415,327.72,327.73,327.725,100,400,300,1601060064341,1601060064188,5,0,0
3481,SPY,1601060065397,327.82,200,192416,327.72,327.73,327.725,100,400,300,1601060064341,1601060064188,5,0,0
3482,SPY,1601060065397,327.82,100,192417,327.72,327.73,327.725,100,400,300,1601060064341,1601060064188,5,0,0
3483,SPY,1601060065397,327.82,100,192418,327.72,327.73,327.725,100,400,300,1601060064341,1601060064188,5,0,0
3484,SPY,1601060065397,327.82,100,192419,327.72,327.73,327.725,100,400,300,1601060064341,1601060064188,5,0,0
3485,SPY,1601060065397,327.82,110,192420,327.72,327.73,327.725,100,400,300,1601060064341,1601060064188,5,0,0
3486,SPY,1601060065402,327.81,100,192421,327.72,327.73,327.725,100,400,300,1601060064341,1601060064188,5,0,0
3487,SPY,1601060065414,327.8101,493,192422,327.72,327.73,327.725,100,400,300,1601060064341,1601060064188,5,0,0
3488,SPY,1601060065429,327.81,100,192423,327.72,327.73,327.725,100,400,300,1601060064341,1601060064188,5,0,0
3489,SPY,1601060065505,327.815,100,192424,327.81,327.82,327.81,2100,300,100,1601060066270,1601060065993,2,0,0.08999634
3490,SPY,1601060065592,327.815,100,192425,327.81,327.82,327.81,2100,300,100,1601060066270,1601060065993,2,0,0
3491,SPY,1601060065664,327.815,100,192426,327.81,327.82,327.81,2100,300,100,1601060066270,1601060065993,2,0,0
3492,SPY,1601060065837,327.81,168,192427,327.81,327.82,327.81,2100,300,100,1601060066270,1601060065993,2,0,0
3493,SPY,1601060065952,327.82,380,192428,327.81,327.82,327.81,2100,300,100,1601060066270,1601060065993,4,0,0
3494,SPY,1601060065952,327.82,200,192429,327.81,327.82,327.81,2100,300,100,1601060066270,1601060065993,4,0,0
3495,SPY,1601060065952,327.82,198,192430,327.81,327.82,327.81,2100,300,100,1601060066270,1601060065993,4,0,0
3496,SPY,1601060065993,327.81,100,192431,327.81,327.82,327.81,2100,300,100,1601060066270,1601060065993,2,0,0
3497,SPY,1601060066303,327.815,100,192432,327.81,327.82,327.81,2100,300,100,1601060066270,1601060065993,2,0,0
3498,SPY,1601060066342,327.815,100,192433,327.81,327.82,327.81,2100,300,100,1601060066270,1601060065993,2,0,0
3499,SPY,1601060066342,327.815,100,192434,327.81,327.82,327.81,2100,300,100,1601060066270,1601060065993,2,0,0
3500,SPY,1601060066390,327.82,100,192435,327.81,327.82,327.81,2100,300,100,1601060066270,1601060065993,4,0,0
3501,SPY,1601060066421,327.81,100,192436,327.81,327.82,327.81,2100,300,100,1601060066270,1601060065993,2,0,0
3502,SPY,1601060066476,327.8175,100,192437,327.81,327.82,327.81,2100,300,100,1601060066270,1601060065993,2,0,0
3503,SPY,1601060066685,327.82,100,192438,327.81,327.82,327.81,2100,300,100,1601060066270,1601060065993,4,0,0
3504,SPY,1601060066718,327.81,146,192439,327.81,327.82,327.81,2100,300,100,1601060066270,1601060065993,2,0,0
3505,SPY,1601060067407,327.815,100,192440,327.81,327.82,327.81,300,400,100,1601060067204,1601060066718,2,0,0
3506,SPY,1601060067472,327.815,100,192441,327.81,327.82,327.81,300,400,100,1601060067204,1601060066718,2,0,0
3507,SPY,1601060067472,327.81,100,192442,327.81,327.82,327.81,300,400,100,1601060067204,1601060066718,2,0,0
3508,SPY,1601060067823,327.805,100,192443,327.81,327.82,327.81,300,400,100,1601060067204,1601060066718,1,0,0
3509,SPY,1601060068117,327.8,100,192444,327.79,327.8,327.785,900,300,200,1601060068588,1601060068576,4,0.019989014,0
3510,SPY,1601060068118,327.79,100,192445,327.79,327.8,327.785,900,300,200,1601060068588,1601060068576,2,0,0
3511,SPY,1601060068118,327.79,100,192446,327.79,327.8,327.785,900,300,200,1601060068588,1601060068576,2,0,0
3512,SPY,1601060068118,327.79,100,192447,327.79,327.8,327.785,900,300,200,1601060068588,1601060068576,2,0,0
3513,SPY,1601060068118,327.79,100,192448,327.79,327.8,327.785,900,300,200,1601060068588,1601060068576,2,0,0
3514,SPY,1601060068120,327.79,100,192449,327.79,327.8,327.785,900,300,200,1601060068588,1601060068576,2,0,0
3515,SPY,1601060068120,327.79,100,192450,327.79,327.8,327.785,900,300,200,1601060068588,1601060068576,2,0,0
3516,SPY,1601060068121,327.79,100,192451,327.79,327.8,327.785,900,300,200,1601060068588,1601060068576,2,0,0
3517,SPY,1601060068576,327.785,200,192452,327.79,327.8,327.785,900,300,200,1601060068588,1601060068576,1,0,0
3518,SPY,1601060068723,327.795,100,192453,327.79,327.8,327.785,900,300,200,1601060068588,1601060068576,2,0,0
3519,SPY,1601060068725,327.795,100,192454,327.79,327.8,327.785,900,300,200,1601060068588,1601060068576,2,0,0
3520,SPY,1601060068883,327.8,100,192455,327.79,327.8,327.785,900,300,200,1601060068588,1601060068576,4,0,0
3521,SPY,1601060068883,327.8,200,192456,327.79,327.8,327.785,900,300,200,1601060068588,1601060068576,4,0,0
3522,SPY,1601060068883,327.8,100,192457,327.79,327.8,327.785,900,300,200,1601060068588,1601060068576,4,0,0
3523,SPY,1601060068911,327.805,100,192458,327.79,327.8,327.785,900,300,200,1601060068588,1601060068576,5,0,0
3524,SPY,1601060068911,327.805,100,192459,327.79,327.8,327.785,900,300,200,1601060068588,1601060068576,5,0,0
3525,SPY,1601060068911,327.805,107,192460,327.79,327.8,327.785,900,300,200,1601060068588,1601060068576,5,0,0
3526,SPY,1601060068911,327.81,100,192461,327.79,327.8,327.785,900,300,200,1601060068588,1601060068576,5,0,0
3527,SPY,1601060068911,327.81,200,192462,327.79,327.8,327.785,900,300,200,1601060068588,1601060068576,5,0,0
3528,SPY,1601060068936,327.81,100,192463,327.81,327.82,327.815,900,900,100,1601060069282,1601060069541,2,0,0.020019531
3529,SPY,1601060068940,327.815,100,192464,327.81,327.82,327.815,900,900,100,1601060069282,1601060069541,2,0,0
3530,SPY,1601060068966,327.815,100,192465,327.81,327.82,327.815,900,900,100,1601060069282,1601060069541,2,0,0
3531,SPY,1601060069229,327.81,200,192466,327.81,327.82,327.815,900,900,100,1601060069282,1601060069541,2,0,0
3532,SPY,1601060069256,327.815,100,192467,327.81,327.82,327.815,900,900,100,1601060069282,1601060069541,2,0,0
3533,SPY,1601060069284,327.815,100,192468,327.81,327.82,327.815,900,900,100,1601060069282,1601060069541,2,0,0
3534,SPY,1601060069311,327.815,100,192469,327.81,327.82,327.815,900,900,100,1601060069282,1601060069541,2,0,0
3535,SPY,1601060069326,327.815,100,192470,327.81,327.82,327.815,900,900,100,1601060069282,1601060069541,2,0,0
3536,SPY,1601060069431,327.81,100,192471,327.81,327.82,327.815,900,900,100,1601060069282,1601060069541,2,0,0
3537,SPY,1601060069540,327.815,100,192472,327.81,327.82,327.815,900,900,100,1601060069282,1601060069541,2,0,0
3538,SPY,1601060069541,327.815,100,192473,327.81,327.82,327.815,900,900,100,1601060069282,1601060069541,2,0,0
3539,SPY,1601060069632,327.815,805,192474,327.81,327.82,327.815,900,900,100,1601060069282,1601060069541,2,0,0
3540,SPY,1601060069632,327.815,595,192475,327.81,327.82,327.815,900,900,100,1601060069282,1601060069541,2,0,0
3541,SPY,1601060069632,327.82,100,192476,327.81,327.82,327.815,900,900,100,1601060069282,1601060069541,4,0,0
3542,SPY,1601060069633,327.82,100,192477,327.81,327.82,327.815,900,900,100,1601060069282,1601060069541,4,0,0
3543,SPY,1601060069633,327.82,100,192478,327.81,327.82,327.815,900,900,100,1601060069282,1601060069541,4,0,0
3544,SPY,1601060069633,327.82,100,192479,327.81,327.82,327.815,900,900,100,1601060069282,1601060069541,4,0,0
3545,SPY,1601060069633,327.83,300,192480,327.81,327.82,327.815,900,900,100,1601060069282,1601060069541,5,0,0
3546,SPY,1601060069633,327.82,100,192481,327.81,327.82,327.815,900,900,100,1601060069282,1601060069541,4,0,0
3547,SPY,1601060069633,327.82,100,192482,327.81,327.82,327.815,900,900,100,1601060069282,1601060069541,4,0,0
3548,SPY,1601060069633,327.84,349,192483,327.81,327.82,327.815,900,900,100,1601060069282,1601060069541,5,0,0
3549,SPY,1601060069633,327.82,100,192484,327.81,327.82,327.815,900,900,100,1601060069282,1601060069541,4,0,0
3550,SPY,1601060069633,327.82,100,192485,327.81,327.82,327.815,900,900,100,1601060069282,1601060069541,4,0,0
3551,SPY,1601060069633,327.83,100,192486,327.81,327.82,327.815,900,900,100,1601060069282,1601060069541,5,0,0
3552,SPY,1601060069633,327.82,100,192487,327.81,327.82,327.815,900,900,100,1601060069282,1601060069541,4,0,0
3553,SPY,1601060069633,327.82,100,192488,327.81,327.82,327.815,900,900,100,1601060069282,1601060069541,4,0,0
3554,SPY,1601060069633,327.83,100,192489,327.81,327.82,327.815,900,900,100,1601060069282,1601060069541,5,0,0
3555,SPY,1601060069633,327.82,100,192490,327.81,327.82,327.815,900,900,100,1601060069282,1601060069541,4,0,0
3556,SPY,1601060069633,327.83,200,192491,327.81,327.82,327.815,900,900,100,1601060069282,1601060069541,5,0,0
3557,SPY,1601060069633,327.85,379,192492,327.81,327.82,327.815,900,900,100,1601060069282,1601060069541,5,0,0
3558,SPY,1601060069633,327.82,200,192493,327.81,327.82,327.815,900,900,100,1601060069282,1601060069541,4,0,0
3559,SPY,1601060069633,327.83,200,192494,327.81,327.82,327.815,900,900,100,1601060069282,1601060069541,5,0,0
3560,SPY,1601060069633,327.82,179,192495,327.81,327.82,327.815,900,900,100,1601060069282,1601060069541,4,0,0
3561,SPY,1601060069633,327.82,100,192496,327.81,327.82,327.815,900,900,100,1601060069282,1601060069541,4,0,0
3562,SPY,1601060069633,327.82,100,192497,327.81,327.82,327.815,900,900,100,1601060069282,1601060069541,4,0,0
3563,SPY,1601060069633,327.83,222,192498,327.81,327.82,327.815,900,900,100,1601060069282,1601060069541,5,0,0
3564,SPY,1601060069633,327.84,300,192499,327.81,327.82,327.815,900,900,100,1601060069282,1601060069541,5,0,0
3565,SPY,1601060069633,327.82,200,192500,327.81,327.82,327.815,900,900,100,1601060069282,1601060069541,4,0,0
3566,SPY,1601060069633,327.82,100,192501,327.81,327.82,327.815,900,900,100,1601060069282,1601060069541,4,0,0
3567,SPY,1601060069633,327.84,400,192502,327.81,327.82,327.815,900,900,100,1601060069282,1601060069541,5,0,0
3568,SPY,1601060069633,327.84,300,192503,327.81,327.82,327.815,900,900,100,1601060069282,1601060069541,5,0,0
3569,SPY,1601060069633,327.86,143,192504,327.81,327.82,327.815,900,900,100,1601060069282,1601060069541,5,0,0
3570,SPY,1601060069633,327.85,300,192505,327.81,327.82,327.815,900,900,100,1601060069282,1601060069541,5,0,0
3571,SPY,1601060069633,327.85,139,192506,327.81,327.82,327.815,900,900,100,1601060069282,1601060069541,5,0,0
3572,SPY,1601060069633,327.83,100,192507,327.81,327.82,327.815,900,900,100,1601060069282,1601060069541,5,0,0
3573,SPY,1601060069633,327.88,200,192508,327.81,327.82,327.815,900,900,100,1601060069282,1601060069541,5,0,0
3574,SPY,1601060069633,327.87,400,192509,327.81,327.82,327.815,900,900,100,1601060069282,1601060069541,5,0,0
3575,SPY,1601060069633,327.84,100,192510,327.81,327.82,327.815,900,900,100,1601060069282,1601060069541,5,0,0
3576,SPY,1601060069633,327.86,300,192511,327.81,327.82,327.815,900,900,100,1601060069282,1601060069541,5,0,0
3577,SPY,1601060069633,327.85,300,192512,327.81,327.82,327.815,900,900,100,1601060069282,1601060069541,5,0,0
3578,SPY,1601060069633,327.86,129,192513,327.81,327.82,327.815,900,900,100,1601060069282,1601060069541,5,0,0
3579,SPY,1601060069633,327.84,300,192514,327.81,327.82,327.815,900,900,100,1601060069282,1601060069541,5,0,0
3580,SPY,1601060069633,327.84,100,192515,327.81,327.82,327.815,900,900,100,1601060069282,1601060069541,5,0,0
3581,SPY,1601060069633,327.87,700,192516,327.81,327.82,327.815,900,900,100,1601060069282,1601060069541,5,0,0
3582,SPY,1601060069633,327.88,500,192517,327.81,327.82,327.815,900,900,100,1601060069282,1601060069541,5,0,0
3583,SPY,1601060069633,327.87,113,192518,327.81,327.82,327.815,900,900,100,1601060069282,1601060069541,5,0,0
3584,SPY,1601060069633,327.84,100,192519,327.81,327.82,327.815,900,900,100,1601060069282,1601060069541,5,0,0
3585,SPY,1601060069633,327.88,600,192520,327.81,327.82,327.815,900,900,100,1601060069282,1601060069541,5,0,0
3586,SPY,1601060069633,327.84,100,192521,327.81,327.82,327.815,900,900,100,1601060069282,1601060069541,5,0,0
3587,SPY,1601060069633,327.85,300,192522,327.81,327.82,327.815,900,900,100,1601060069282,1601060069541,5,0,0
3588,SPY,1601060069633,327.87,600,192523,327.81,327.82,327.815,900,900,100,1601060069282,1601060069541,5,0,0
3589,SPY,1601060069633,327.88,600,192524,327.81,327.82,327.815,900,900,100,1601060069282,1601060069541,5,0,0
3590,SPY,1601060069633,327.88,200,192525,327.81,327.82,327.815,900,900,100,1601060069282,1601060069541,5,0,0
3591,SPY,1601060069633,327.87,100,192526,327.81,327.82,327.815,900,900,100,1601060069282,1601060069541,5,0,0
3592,SPY,1601060069633,327.8175,400,192527,327.81,327.82,327.815,900,900,100,1601060069282,1601060069541,2,0,0
3593,SPY,1601060069633,327.84,200,192528,327.81,327.82,327.815,900,900,100,1601060069282,1601060069541,5,0,0
3594,SPY,1601060069633,327.87,400,192529,327.81,327.82,327.815,900,900,100,1601060069282,1601060069541,5,0,0
3595,SPY,1601060069633,327.87,100,192530,327.81,327.82,327.815,900,900,100,1601060069282,1601060069541,5,0,0
3596,SPY,1601060069633,327.87,300,192531,327.81,327.82,327.815,900,900,100,1601060069282,1601060069541,5,0,0
3597,SPY,1601060069634,327.87,400,192532,327.81,327.82,327.815,900,900,100,1601060069282,1601060069541,5,0,0
3598,SPY,1601060069634,327.84,300,192533,327.81,327.82,327.815,900,900,100,1601060069282,1601060069541,5,0,0
3599,SPY,1601060069634,327.88,180,192534,327.81,327.82,327.815,900,900,100,1601060069282,1601060069541,5,0,0
3600,SPY,1601060069634,327.87,100,192535,327.81,327.82,327.815,900,900,100,1601060069282,1601060069541,5,0,0
3601,SPY,1601060069634,327.88,600,192536,327.81,327.82,327.815,900,900,100,1601060069282,1601060069541,5,0,0
3602,SPY,1601060069634,327.88,100,192537,327.81,327.82,327.815,900,900,100,1601060069282,1601060069541,5,0,0
3603,SPY,1601060069634,327.85,400,192538,327.81,327.82,327.815,900,900,100,1601060069282,1601060069541,5,0,0
3604,SPY,1601060069634,327.88,600,192539,327.81,327.82,327.815,900,900,100,1601060069282,1601060069541,5,0,0
3605,SPY,1601060069634,327.88,100,192540,327.81,327.82,327.815,900,900,100,1601060069282,1601060069541,5,0,0
3606,SPY,1601060069634,327.88,600,192541,327.81,327.82,327.815,900,900,100,1601060069282,1601060069541,5,0,0
3607,SPY,1601060069634,327.85,200,192542,327.81,327.82,327.815,900,900,100,1601060069282,1601060069541,5,0,0
3608,SPY,1601060069634,327.88,100,192543,327.81,327.82,327.815,900,900,100,1601060069282,1601060069541,5,0,0
3609,SPY,1601060069634,327.85,800,192544,327.81,327.82,327.815,900,900,100,1601060069282,1601060069541,5,0,0
3610,SPY,1601060069634,327.88,100,192545,327.81,327.82,327.815,900,900,100,1601060069282,1601060069541,5,0,0
3611,SPY,1601060069634,327.85,500,192546,327.81,327.82,327.815,900,900,100,1601060069282,1601060069541,5,0,0
3612,SPY,1601060069634,327.88,100,192547,327.81,327.82,327.815,900,900,100,1601060069282,1601060069541,5,0,0
3613,SPY,1601060069634,327.86,200,192548,327.81,327.82,327.815,900,900,100,1601060069282,1601060069541,5,0,0
3614,SPY,1601060069634,327.86,200,192549,327.81,327.82,327.815,900,900,100,1601060069282,1601060069541,5,0,0
3615,SPY,1601060069634,327.86,100,192550,327.81,327.82,327.815,900,900,100,1601060069282,1601060069541,5,0,0
3616,SPY,1601060069634,327.88,400,192551,327.81,327.82,327.815,900,900,100,1601060069282,1601060069541,5,0,0
3617,SPY,1601060069634,327.88,400,192552,327.81,327.82,327.815,900,900,100,1601060069282,1601060069541,5,0,0
3618,SPY,1601060069634,327.88,100,192553,327.81,327.82,327.815,900,900,100,1601060069282,1601060069541,5,0,0
3619,SPY,1601060069634,327.88,100,192554,327.81,327.82,327.815,900,900,100,1601060069282,1601060069541,5,0,0
3620,SPY,1601060069634,327.86,100,192555,327.81,327.82,327.815,900,900,100,1601060069282,1601060069541,5,0,0
3621,SPY,1601060069634,327.86,100,192556,327.81,327.82,327.815,900,900,100,1601060069282,1601060069541,5,0,0
3622,SPY,1601060069634,327.87,400,192557,327.81,327.82,327.815,900,900,100,1601060069282,1601060069541,5,0,0
3623,SPY,1601060069634,327.87,300,192558,327.81,327.82,327.815,900,900,100,1601060069282,1601060069541,5,0,0
3624,SPY,1601060069634,327.88,300,192559,327.81,327.82,327.815,900,900,100,1601060069282,1601060069541,5,0,0
3625,SPY,1601060069634,327.87,400,192560,327.81,327.82,327.815,900,900,100,1601060069282,1601060069541,5,0,0
3626,SPY,1601060069634,327.87,400,192561,327.81,327.82,327.815,900,900,100,1601060069282,1601060069541,5,0,0
3627,SPY,1601060069634,327.87,100,192562,327.81,327.82,327.815,900,900,100,1601060069282,1601060069541,5,0,0
3628,SPY,1601060069634,327.87,200,192563,327.81,327.82,327.815,900,900,100,1601060069282,1601060069541,5,0,0
3629,SPY,1601060069634,327.89,100,192564,327.81,327.82,327.815,900,900,100,1601060069282,1601060069541,5,0,0
3630,SPY,1601060069634,327.89,149,192565,327.81,327.82,327.815,900,900,100,1601060069282,1601060069541,5,0,0
3631,SPY,1601060069634,327.87,500,192566,327.81,327.82,327.815,900,900,100,1601060069282,1601060069541,5,0,0
3632,SPY,1601060069634,327.88,100,192567,327.81,327.82,327.815,900,900,100,1601060069282,1601060069541,5,0,0
3633,SPY,1601060069634,327.88,400,192568,327.81,327.82,327.815,900,900,100,1601060069282,1601060069541,5,0,0
3634,SPY,1601060069634,327.88,100,192569,327.81,327.82,327.815,900,900,100,1601060069282,1601060069541,5,0,0
3635,SPY,1601060069634,327.89,100,192570,327.81,327.82,327.815,900,900,100,1601060069282,1601060069541,5,0,0
3636,SPY,1601060069634,327.88,400,192571,327.81,327.82,327.815,900,900,100,1601060069282,1601060069541,5,0,0
3637,SPY,1601060069634,327.88,100,192572,327.81,327.82,327.815,900,900,100,1601060069282,1601060069541,5,0,0
3638,SPY,1601060069634,327.82,100,192573,327.81,327.82,327.815,900,900,100,1601060069282,1601060069541,4,0,0
3639,SPY,1601060069634,327.82,100,192574,327.81,327.82,327.815,900,900,100,1601060069282,1601060069541,4,0,0
3640,SPY,1601060069634,327.88,100,192575,327.81,327.82,327.815,900,900,100,1601060069282,1601060069541,5,0,0
3641,SPY,1601060069636,327.9,1477,192576,327.81,327.82,327.815,900,900,100,1601060069282,1601060069541,5,0,0
3642,SPY,1601060069636,327.89,100,192577,327.81,327.82,327.815,900,900,100,1601060069282,1601060069541,5,0,0
3643,SPY,1601060069637,327.9,400,192578,327.81,327.82,327.815,900,900,100,1601060069282,1601060069541,5,0,0
3644,SPY,1601060069637,327.9,100,192579,327.81,327.82,327.815,900,900,100,1601060069282,1601060069541,5,0,0
3645,SPY,1601060069637,327.89,100,192580,327.81,327.82,327.815,900,900,100,1601060069282,1601060069541,5,0,0
3646,SPY,1601060069637,327.87,100,192581,327.81,327.82,327.815,900,900,100,1601060069282,1601060069541,5,0,0
3647,SPY,1601060069637,327.89,400,192582,327.81,327.82,327.815,900,900,100,1601060069282,1601060069541,5,0,0
3648,SPY,1601060069637,327.89,400,192583,327.81,327.82,327.815,900,900,100,1601060069282,1601060069541,5,0,0
3649,SPY,1601060069637,327.89,400,192584,327.81,327.82,327.815,900,900,100,1601060069282,1601060069541,5,0,0
3650,SPY,1601060069637,327.89,100,192585,327.81,327.82,327.815,900,900,100,1601060069282,1601060069541,5,0,0
3651,SPY,1601060069637,327.9,100,192586,327.81,327.82,327.815,900,900,100,1601060069282,1601060069541,5,0,0
3652,SPY,1601060069637,327.9,100,192587,327.81,327.82,327.815,900,900,100,1601060069282,1601060069541,5,0,0
3653,SPY,1601060069637,327.9,100,192588,327.81,327.82,327.815,900,900,100,1601060069282,1601060069541,5,0,0
3654,SPY,1601060069637,327.9,100,192589,327.81,327.82,327.815,900,900,100,1601060069282,1601060069541,5,0,0
3655,SPY,1601060069638,327.9,100,192590,327.81,327.82,327.815,900,900,100,1601060069282,1601060069541,5,0,0
3656,SPY,1601060069638,327.9,600,192591,327.81,327.82,327.815,900,900,100,1601060069282,1601060069541,5,0,0
3657,SPY,1601060069638,327.9,100,192592,327.81,327.82,327.815,900,900,100,1601060069282,1601060069541,5,0,0
3658,SPY,1601060069638,327.9,100,192593,327.81,327.82,327.815,900,900,100,1601060069282,1601060069541,5,0,0
3659,SPY,1601060069639,327.86,100,192594,327.81,327.82,327.815,900,900,100,1601060069282,1601060069541,5,0,0
3660,SPY,1601060069639,327.89,100,192595,327.81,327.82,327.815,900,900,100,1601060069282,1601060069541,5,0,0
3661,SPY,1601060069639,327.9,395,192596,327.81,327.82,327.815,900,900,100,1601060069282,1601060069541,5,0,0
3662,SPY,1601060069639,327.88,500,192597,327.81,327.82,327.815,900,900,100,1601060069282,1601060069541,5,0,0
3663,SPY,1601060069639,327.9,1500,192598,327.81,327.82,327.815,900,900,100,1601060069282,1601060069541,5,0,0
3664,SPY,1601060069639,327.9,200,192599,327.81,327.82,327.815,900,900,100,1601060069282,1601060069541,5,0,0
3665,SPY,1601060069639,327.9,1300,192600,327.81,327.82,327.815,900,900,100,1601060069282,1601060069541,5,0,0
3666,SPY,1601060069639,327.9,1900,192601,327.81,327.82,327.815,900,900,100,1601060069282,1601060069541,5,0,0
3667,SPY,1601060069639,327.9,900,192602,327.81,327.82,327.815,900,900,100,1601060069282,1601060069541,5,0,0
3668,SPY,1601060069640,327.9,100,192603,327.81,327.82,327.815,900,900,100,1601060069282,1601060069541,5,0,0
3669,SPY,1601060069640,327.9,100,192604,327.81,327.82,327.815,900,900,100,1601060069282,1601060069541,5,0,0
3670,SPY,1601060069640,327.9,100,192605,327.81,327.82,327.815,900,900,100,1601060069282,1601060069541,5,0,0
3671,SPY,1601060069640,327.89,100,192606,327.81,327.82,327.815,900,900,100,1601060069282,1601060069541,5,0,0
3672,SPY,1601060069640,327.89,100,192607,327.81,327.82,327.815,900,900,100,1601060069282,1601060069541,5,0,0
3673,SPY,1601060069640,327.89,100,192608,327.81,327.82,327.815,900,900,100,1601060069282,1601060069541,5,0,0
3674,SPY,1601060069640,327.9,100,192609,327.81,327.82,327.815,900,900,100,1601060069282,1601060069541,5,0,0
3675,SPY,1601060069640,327.89,100,192610,327.81,327.82,327.815,900,900,100,1601060069282,1601060069541,5,0,0
3676,SPY,1601060069640,327.89,100,192611,327.81,327.82,327.815,900,900,100,1601060069282,1601060069541,5,0,0
3677,SPY,1601060069640,327.9,600,192612,327.81,327.82,327.815,900,900,100,1601060069282,1601060069541,5,0,0
3678,SPY,1601060069640,327.88,100,192613,327.81,327.82,327.815,900,900,100,1601060069282,1601060069541,5,0,0
3679,SPY,1601060069641,327.9,500,192614,327.81,327.82,327.815,900,900,100,1601060069282,1601060069541,5,0,0
3680,SPY,1601060069641,327.89,100,192615,327.81,327.82,327.815,900,900,100,1601060069282,1601060069541,5,0,0
3681,SPY,1601060069641,327.9,1000,192616,327.81,327.82,327.815,900,900,100,1601060069282,1601060069541,5,0,0
3682,SPY,1601060069642,327.9,500,192617,327.81,327.82,327.815,900,900,100,1601060069282,1601060069541,5,0,0
3683,SPY,1601060069644,327.89,100,192618,327.81,327.82,327.815,900,900,100,1601060069282,1601060069541,5,0,0
3684,SPY,1601060069644,327.89,100,192619,327.81,327.82,327.815,900,900,100,1601060069282,1601060069541,5,0,0
3685,SPY,1601060069644,327.89,100,192620,327.81,327.82,327.815,900,900,100,1601060069282,1601060069541,5,0,0
3686,SPY,1601060069646,327.9,200,192621,327.81,327.82,327.815,900,900,100,1601060069282,1601060069541,5,0,0
3687,SPY,1601060069646,327.88,100,192622,327.81,327.82,327.815,900,900,100,1601060069282,1601060069541,5,0,0
3688,SPY,1601060069646,327.89,100,192623,327.81,327.82,327.815,900,900,100,1601060069282,1601060069541,5,0,0
3689,SPY,1601060069648,327.9,187,192624,327.81,327.82,327.815,900,900,100,1601060069282,1601060069541,5,0,0
3690,SPY,1601060069649,327.89,100,192625,327.81,327.82,327.815,900,900,100,1601060069282,1601060069541,5,0,0
3691,SPY,1601060069649,327.88,100,192626,327.81,327.82,327.815,900,900,100,1601060069282,1601060069541,5,0,0
3692,SPY,1601060069650,327.9,500,192627,327.81,327.82,327.815,900,900,100,1601060069282,1601060069541,5,0,0
3693,SPY,1601060069650,327.815,100,192628,327.81,327.82,327.815,900,900,100,1601060069282,1601060069541,2,0,0
3694,SPY,1601060069650,327.89,161,192629,327.81,327.82,327.815,900,900,100,1601060069282,1601060069541,5,0,0
3695,SPY,1601060069651,327.9,856,192630,327.81,327.82,327.815,900,900,100,1601060069282,1601060069541,5,0,0
3696,SPY,1601060069651,327.9,108,192631,327.81,327.82,327.815,900,900,100,1601060069282,1601060069541,5,0,0
3697,SPY,1601060069651,327.9,717,192632,327.81,327.82,327.815,900,900,100,1601060069282,1601060069541,5,0,0
3698,SPY,1601060069651,327.89,200,192633,327.81,327.82,327.815,900,900,100,1601060069282,1601060069541,5,0,0
3699,SPY,1601060069656,327.9,100,192634,327.81,327.82,327.815,900,900,100,1601060069282,1601060069541,5,0,0
3700,SPY,1601060069656,327.9,100,192635,327.81,327.82,327.815,900,900,100,1601060069282,1601060069541,5,0,0
3701,SPY,1601060069659,327.895,100,192636,327.81,327.82,327.815,900,900,100,1601060069282,1601060069541,5,0,0
3702,SPY,1601060069659,327.895,100,192637,327.81,327.82,327.815,900,900,100,1601060069282,1601060069541,5,0,0
3703,SPY,1601060069659,327.9,199,192638,327.81,327.82,327.815,900,900,100,1601060069282,1601060069541,5,0,0
3704,SPY,1601060069659,327.89,100,192639,327.81,327.82,327.815,900,900,100,1601060069282,1601060069541,5,0,0
3705,SPY,1601060069660,327.89,100,192640,327.81,327.82,327.815,900,900,100,1601060069282,1601060069541,5,0,0
3706,SPY,1601060069660,327.89,100,192641,327.81,327.82,327.815,900,900,100,1601060069282,1601060069541,5,0,0
3707,SPY,1601060069661,327.9,100,192642,327.81,327.82,327.815,900,900,100,1601060069282,1601060069541,5,0,0
3708,SPY,1601060069664,327.89,100,192643,327.81,327.82,327.815,900,900,100,1601060069282,1601060069541,5,0,0
3709,SPY,1601060069664,327.9,111,192644,327.81,327.82,327.815,900,900,100,1601060069282,1601060069541,5,0,0
3710,SPY,1601060069665,327.89,100,192645,327.81,327.82,327.815,900,900,100,1601060069282,1601060069541,5,0,0
3711,SPY,1601060069666,327.9,100,192646,327.81,327.82,327.815,900,900,100,1601060069282,1601060069541,5,0,0
3712,SPY,1601060069666,327.89,100,192647,327.81,327.82,327.815,900,900,100,1601060069282,1601060069541,5,0,0
3713,SPY,1601060069668,327.9,2100,192648,327.81,327.82,327.815,900,900,100,1601060069282,1601060069541,5,0,0
3714,SPY,1601060069668,327.9,162,192649,327.81,327.82,327.815,900,900,100,1601060069282,1601060069541,5,0,0
3715,SPY,1601060069668,327.9,100,192650,327.81,327.82,327.815,900,900,100,1601060069282,1601060069541,5,0,0
3716,SPY,1601060069668,327.9,100,192651,327.81,327.82,327.815,900,900,100,1601060069282,1601060069541,5,0,0
3717,SPY,1601060069670,327.9,481,192652,327.81,327.82,327.815,900,900,100,1601060069282,1601060069541,5,0,0
3718,SPY,1601060069682,327.895,360,192653,327.9,327.91,327.9011,1000,1100,300,1601060071553,1601060071340,1,0,0.08999634
3719,SPY,1601060069682,327.9,2386,192654,327.9,327.91,327.9011,1000,1100,300,1601060071553,1601060071340,2,0,0
3720,SPY,1601060069682,327.9,2561,192655,327.9,327.91,327.9011,1000,1100,300,1601060071553,1601060071340,2,0,0
3721,SPY,1601060069682,327.9,200,192656,327.9,327.91,327.9011,1000,1100,300,1601060071553,1601060071340,2,0,0
3722,SPY,1601060069682,327.9,1500,192657,327.9,327.91,327.9011,1000,1100,300,1601060071553,1601060071340,2,0,0
3723,SPY,1601060069682,327.9,100,192658,327.9,327.91,327.9011,1000,1100,300,1601060071553,1601060071340,2,0,0
3724,SPY,1601060069682,327.9,1127,192659,327.9,327.91,327.9011,1000,1100,300,1601060071553,1601060071340,2,0,0
3725,SPY,1601060069682,327.91,200,192660,327.9,327.91,327.9011,1000,1100,300,1601060071553,1601060071340,4,0,0
3726,SPY,1601060069682,327.9,550,192661,327.9,327.91,327.9011,1000,1100,300,1601060071553,1601060071340,2,0,0
3727,SPY,1601060069682,327.9,200,192662,327.9,327.91,327.9011,1000,1100,300,1601060071553,1601060071340,2,0,0
3728,SPY,1601060069703,327.89,100,192663,327.9,327.91,327.9011,1000,1100,300,1601060071553,1601060071340,1,0,0
3729,SPY,1601060069703,327.89,100,192664,327.9,327.91,327.9011,1000,1100,300,1601060071553,1601060071340,1,0,0
3730,SPY,1601060069746,327.89,100,192665,327.9,327.91,327.9011,1000,1100,300,1601060071553,1601060071340,1,0,0
3731,SPY,1601060069746,327.885,200,192666,327.9,327.91,327.9011,1000,1100,300,1601060071553,1601060071340,1,0,0
3732,SPY,1601060069804,327.8801,127,192667,327.9,327.91,327.9011,1000,1100,300,1601060071553,1601060071340,1,0,0
3733,SPY,1601060069835,327.88,100,192668,327.9,327.91,327.9011,1000,1100,300,1601060071553,1601060071340,1,0,0
3734,SPY,1601060069849,327.87,100,192669,327.9,327.91,327.9011,1000,1100,300,1601060071553,1601060071340,1,0,0
3735,SPY,1601060069851,327.86,1000,192670,327.9,327.91,327.9011,1000,1100,300,1601060071553,1601060071340,1,0,0
3736,SPY,1601060069851,327.86,122,192671,327.9,327.91,327.9011,1000,1100,300,1601060071553,1601060071340,1,0,0
3737,SPY,1601060069851,327.86,100,192672,327.9,327.91,327.9011,1000,1100,300,1601060071553,1601060071340,1,0,0
3738,SPY,1601060069851,327.86,500,192673,327.9,327.91,327.9011,1000,1100,300,1601060071553,1601060071340,1,0,0
3739,SPY,1601060069851,327.86,500,192674,327.9,327.91,327.9011,1000,1100,300,1601060071553,1601060071340,1,0,0
3740,SPY,1601060069851,327.86,300,192675,327.9,327.91,327.9011,1000,1100,300,1601060071553,1601060071340,1,0,0
3741,SPY,1601060069854,327.86,316,192676,327.9,327.91,327.9011,1000,1100,300,1601060071553,1601060071340,1,0,0
3742,SPY,1601060069855,327.86,300,192677,327.9,327.91,327.9011,1000,1100,300,1601060071553,1601060071340,1,0,0
3743,SPY,1601060069855,327.86,100,192678,327.9,327.91,327.9011,1000,1100,300,1601060071553,1601060071340,1,0,0
3744,SPY,1601060069855,327.86,500,192679,327.9,327.91,327.9011,1000,1100,300,1601060071553,1601060071340,1,0,0
3745,SPY,1601060069855,327.86,200,192680,327.9,327.91,327.9011,1000,1100,300,1601060071553,1601060071340,1,0,0
3746,SPY,1601060069855,327.86,300,192681,327.9,327.91,327.9011,1000,1100,300,1601060071553,1601060071340,1,0,0
3747,SPY,1601060069855,327.86,378,192682,327.9,327.91,327.9011,1000,1100,300,1601060071553,1601060071340,1,0,0
3748,SPY,1601060069855,327.86,300,192683,327.9,327.91,327.9011,1000,1100,300,1601060071553,1601060071340,1,0,0
3749,SPY,1601060069855,327.86,100,192684,327.9,327.91,327.9011,1000,1100,300,1601060071553,1601060071340,1,0,0
3750,SPY,1601060069855,327.86,100,192685,327.9,327.91,327.9011,1000,1100,300,1601060071553,1601060071340,1,0,0
3751,SPY,1601060069855,327.86,300,192686,327.9,327.91,327.9011,1000,1100,300,1601060071553,1601060071340,1,0,0
3752,SPY,1601060069855,327.86,100,192687,327.9,327.91,327.9011,1000,1100,300,1601060071553,1601060071340,1,0,0
3753,SPY,1601060069855,327.86,100,192688,327.9,327.91,327.9011,1000,1100,300,1601060071553,1601060071340,1,0,0
3754,SPY,1601060069855,327.86,500,192689,327.9,327.91,327.9011,1000,1100,300,1601060071553,1601060071340,1,0,0
3755,SPY,1601060069864,327.87,100,192690,327.9,327.91,327.9011,1000,1100,300,1601060071553,1601060071340,1,0,0
3756,SPY,1601060069864,327.87,100,192691,327.9,327.91,327.9011,1000,1100,300,1601060071553,1601060071340,1,0,0
3757,SPY,1601060069864,327.87,100,192692,327.9,327.91,327.9011,1000,1100,300,1601060071553,1601060071340,1,0,0
3758,SPY,1601060069864,327.87,200,192693,327.9,327.91,327.9011,1000,1100,300,1601060071553,1601060071340,1,0,0
3759,SPY,1601060069864,327.87,200,192694,327.9,327.91,327.9011,1000,1100,300,1601060071553,1601060071340,1,0,0
3760,SPY,1601060069864,327.87,100,192695,327.9,327.91,327.9011,1000,1100,300,1601060071553,1601060071340,1,0,0
3761,SPY,1601060069864,327.87,914,192696,327.9,327.91,327.9011,1000,1100,300,1601060071553,1601060071340,1,0,0
3762,SPY,1601060069864,327.86,100,192697,327.9,327.91,327.9011,1000,1100,300,1601060071553,1601060071340,1,0,0
3763,SPY,1601060069866,327.85,100,192698,327.9,327.91,327.9011,1000,1100,300,1601060071553,1601060071340,1,0,0
3764,SPY,1601060069866,327.86,200,192699,327.9,327.91,327.9011,1000,1100,300,1601060071553,1601060071340,1,0,0
3765,SPY,1601060069866,327.86,100,192700,327.9,327.91,327.9011,1000,1100,300,1601060071553,1601060071340,1,0,0
3766,SPY,1601060069866,327.86,200,192701,327.9,327.91,327.9011,1000,1100,300,1601060071553,1601060071340,1,0,0
3767,SPY,1601060069866,327.87,100,192702,327.9,327.91,327.9011,1000,1100,300,1601060071553,1601060071340,1,0,0
3768,SPY,1601060069866,327.86,100,192703,327.9,327.91,327.9011,1000,1100,300,1601060071553,1601060071340,1,0,0
3769,SPY,1601060069866,327.86,200,192704,327.9,327.91,327.9011,1000,1100,300,1601060071553,1601060071340,1,0,0
3770,SPY,1601060069866,327.86,100,192705,327.9,327.91,327.9011,1000,1100,300,1601060071553,1601060071340,1,0,0
3771,SPY,1601060069866,327.86,100,192706,327.9,327.91,327.9011,1000,1100,300,1601060071553,1601060071340,1,0,0
3772,SPY,1601060069866,327.86,100,192707,327.9,327.91,327.9011,1000,1100,300,1601060071553,1601060071340,1,0,0
3773,SPY,1601060069866,327.85,200,192708,327.9,327.91,327.9011,1000,1100,300,1601060071553,1601060071340,1,0,0
3774,SPY,1601060069866,327.85,100,192709,327.9,327.91,327.9011,1000,1100,300,1601060071553,1601060071340,1,0,0
3775,SPY,1601060069866,327.86,100,192710,327.9,327.91,327.9011,1000,1100,300,1601060071553,1601060071340,1,0,0
3776,SPY,1601060069866,327.86,500,192711,327.9,327.91,327.9011,1000,1100,300,1601060071553,1601060071340,1,0,0
3777,SPY,1601060069866,327.86,500,192712,327.9,327.91,327.9011,1000,1100,300,1601060071553,1601060071340,1,0,0
3778,SPY,1601060069866,327.86,100,192713,327.9,327.91,327.9011,1000,1100,300,1601060071553,1601060071340,1,0,0
3779,SPY,1601060069866,327.86,100,192714,327.9,327.91,327.9011,1000,1100,300,1601060071553,1601060071340,1,0,0
3780,SPY,1601060069866,327.86,100,192715,327.9,327.91,327.9011,1000,1100,300,1601060071553,1601060071340,1,0,0
3781,SPY,1601060069866,327.86,100,192716,327.9,327.91,327.9011,1000,1100,300,1601060071553,1601060071340,1,0,0
3782,SPY,1601060069866,327.86,300,192717,327.9,327.91,327.9011,1000,1100,300,1601060071553,1601060071340,1,0,0
3783,SPY,1601060069866,327.86,200,192718,327.9,327.91,327.9011,1000,1100,300,1601060071553,1601060071340,1,0,0
3784,SPY,1601060069866,327.85,100,192719,327.9,327.91,327.9011,1000,1100,300,1601060071553,1601060071340,1,0,0
3785,SPY,1601060069866,327.85,100,192720,327.9,327.91,327.9011,1000,1100,300,1601060071553,1601060071340,1,0,0
3786,SPY,1601060069866,327.86,100,192721,327.9,327.91,327.9011,1000,1100,300,1601060071553,1601060071340,1,0,0
3787,SPY,1601060069866,327.86,100,192722,327.9,327.91,327.9011,1000,1100,300,1601060071553,1601060071340,1,0,0
3788,SPY,1601060069866,327.86,100,192723,327.9,327.91,327.9011,1000,1100,300,1601060071553,1601060071340,1,0,0
3789,SPY,1601060069866,327.86,100,192724,327.9,327.91,327.9011,1000,1100,300,1601060071553,1601060071340,1,0,0
3790,SPY,1601060069866,327.85,100,192725,327.9,327.91,327.9011,1000,1100,300,1601060071553,1601060071340,1,0,0
3791,SPY,1601060069866,327.85,100,192726,327.9,327.91,327.9011,1000,1100,300,1601060071553,1601060071340,1,0,0
3792,SPY,1601060069866,327.85,100,192727,327.9,327.91,327.9011,1000,1100,300,1601060071553,1601060071340,1,0,0
3793,SPY,1601060069866,327.85,200,192728,327.9,327.91,327.9011,1000,1100,300,1601060071553,1601060071340,1,0,0
3794,SPY,1601060069869,327.86,100,192729,327.9,327.91,327.9011,1000,1100,300,1601060071553,1601060071340,1,0,0
3795,SPY,1601060069869,327.86,700,192730,327.9,327.91,327.9011,1000,1100,300,1601060071553,1601060071340,1,0,0
3796,SPY,1601060069871,327.895,100,192731,327.9,327.91,327.9011,1000,1100,300,1601060071553,1601060071340,1,0,0
3797,SPY,1601060069878,327.85,923,192732,327.9,327.91,327.9011,1000,1100,300,1601060071553,1601060071340,1,0,0
3798,SPY,1601060069894,327.85,700,192733,327.9,327.91,327.9011,1000,1100,300,1601060071553,1601060071340,1,0,0
3799,SPY,1601060069896,327.87,100,192734,327.9,327.91,327.9011,1000,1100,300,1601060071553,1601060071340,1,0,0
3800,SPY,1601060069906,327.86,256,192735,327.9,327.91,327.9011,1000,1100,300,1601060071553,1601060071340,1,0,0
3801,SPY,1601060069914,327.87,100,192736,327.9,327.91,327.9011,1000,1100,300,1601060071553,1601060071340,1,0,0
3802,SPY,1601060069920,327.86,600,192737,327.9,327.91,327.9011,1000,1100,300,1601060071553,1601060071340,1,0,0
3803,SPY,1601060069987,327.87,100,192738,327.9,327.91,327.9011,1000,1100,300,1601060071553,1601060071340,1,0,0
3804,SPY,1601060069987,327.87,100,192739,327.9,327.91,327.9011,1000,1100,300,1601060071553,1601060071340,1,0,0
3805,SPY,1601060070011,327.8699,100,192740,327.9,327.91,327.9011,1000,1100,300,1601060071553,1601060071340,1,0,0
3806,SPY,1601060070011,327.8699,100,192741,327.9,327.91,327.9011,1000,1100,300,1601060071553,1601060071340,1,0,0
3807,SPY,1601060070039,327.88,500,192742,327.9,327.91,327.9011,1000,1100,300,1601060071553,1601060071340,1,0,0
3808,SPY,1601060070039,327.88,100,192743,327.9,327.91,327.9011,1000,1100,300,1601060071553,1601060071340,1,0,0
3809,SPY,1601060070039,327.87,200,192744,327.9,327.91,327.9011,1000,1100,300,1601060071553,1601060071340,1,0,0
3810,SPY,1601060070039,327.88,500,192745,327.9,327.91,327.9011,1000,1100,300,1601060071553,1601060071340,1,0,0
3811,SPY,1601060070039,327.87,200,192746,327.9,327.91,327.9011,1000,1100,300,1601060071553,1601060071340,1,0,0
3812,SPY,1601060070040,327.88,300,192747,327.9,327.91,327.9011,1000,1100,300,1601060071553,1601060071340,1,0,0
3813,SPY,1601060070040,327.88,786,192748,327.9,327.91,327.9011,1000,1100,300,1601060071553,1601060071340,1,0,0
3814,SPY,1601060070040,327.88,500,192749,327.9,327.91,327.9011,1000,1100,300,1601060071553,1601060071340,1,0,0
3815,SPY,1601060070040,327.88,100,192750,327.9,327.91,327.9011,1000,1100,300,1601060071553,1601060071340,1,0,0
3816,SPY,1601060070040,327.8675,100,192751,327.9,327.91,327.9011,1000,1100,300,1601060071553,1601060071340,1,0,0
3817,SPY,1601060070042,327.88,500,192752,327.9,327.91,327.9011,1000,1100,300,1601060071553,1601060071340,1,0,0
3818,SPY,1601060070046,327.88,660,192753,327.9,327.91,327.9011,1000,1100,300,1601060071553,1601060071340,1,0,0
3819,SPY,1601060070047,327.88,100,192754,327.9,327.91,327.9011,1000,1100,300,1601060071553,1601060071340,1,0,0
3820,SPY,1601060070047,327.88,100,192755,327.9,327.91,327.9011,1000,1100,300,1601060071553,1601060071340,1,0,0
3821,SPY,1601060070116,327.9,100,192756,327.9,327.91,327.9011,1000,1100,300,1601060071553,1601060071340,2,0,0
3822,SPY,1601060070116,327.9,100,192757,327.9,327.91,327.9011,1000,1100,300,1601060071553,1601060071340,2,0,0
3823,SPY,1601060070116,327.9,100,192758,327.9,327.91,327.9011,1000,1100,300,1601060071553,1601060071340,2,0,0
3824,SPY,1601060070116,327.9,400,192759,327.9,327.91,327.9011,1000,1100,300,1601060071553,1601060071340,2,0,0
3825,SPY,1601060070116,327.9,200,192760,327.9,327.91,327.9011,1000,1100,300,1601060071553,1601060071340,2,0,0
3826,SPY,1601060070116,327.9,100,192761,327.9,327.91,327.9011,1000,1100,300,1601060071553,1601060071340,2,0,0
3827,SPY,1601060070116,327.91,100,192762,327.9,327.91,327.9011,1000,1100,300,1601060071553,1601060071340,4,0,0
3828,SPY,1601060070116,327.91,100,192763,327.9,327.91,327.9011,1000,1100,300,1601060071553,1601060071340,4,0,0
3829,SPY,1601060070116,327.91,100,192764,327.9,327.91,327.9011,1000,1100,300,1601060071553,1601060071340,4,0,0
3830,SPY,1601060070116,327.91,400,192765,327.9,327.91,327.9011,1000,1100,300,1601060071553,1601060071340,4,0,0
3831,SPY,1601060070116,327.91,200,192766,327.9,327.91,327.9011,1000,1100,300,1601060071553,1601060071340,4,0,0
3832,SPY,1601060070116,327.91,100,192767,327.9,327.91,327.9011,1000,1100,300,1601060071553,1601060071340,4,0,0
3833,SPY,1601060070116,327.92,300,192768,327.9,327.91,327.9011,1000,1100,300,1601060071553,1601060071340,5,0,0
3834,SPY,1601060070116,327.92,100,192769,327.9,327.91,327.9011,1000,1100,300,1601060071553,1601060071340,5,0,0
3835,SPY,1601060070116,327.92,100,192770,327.9,327.91,327.9011,1000,1100,300,1601060071553,1601060071340,5,0,0
3836,SPY,1601060070116,327.9,200,192771,327.9,327.91,327.9011,1000,1100,300,1601060071553,1601060071340,2,0,0
3837,SPY,1601060070116,327.89,100,192772,327.9,327.91,327.9011,1000,1100,300,1601060071553,1601060071340,1,0,0
3838,SPY,1601060070116,327.89,200,192773,327.9,327.91,327.9011,1000,1100,300,1601060071553,1601060071340,1,0,0
3839,SPY,1601060070116,327.9,100,192774,327.9,327.91,327.9011,1000,1100,300,1601060071553,1601060071340,2,0,0
3840,SPY,1601060070116,327.9,100,192775,327.9,327.91,327.9011,1000,1100,300,1601060071553,1601060071340,2,0,0
3841,SPY,1601060070116,327.9,100,192776,327.9,327.91,327.9011,1000,1100,300,1601060071553,1601060071340,2,0,0
3842,SPY,1601060070116,327.91,100,192777,327.9,327.91,327.9011,1000,1100,300,1601060071553,1601060071340,4,0,0
3843,SPY,1601060070116,327.9,100,192778,327.9,327.91,327.9011,1000,1100,300,1601060071553,1601060071340,2,0,0
3844,SPY,1601060070116,327.9,100,192779,327.9,327.91,327.9011,1000,1100,300,1601060071553,1601060071340,2,0,0
3845,SPY,1601060070116,327.9,100,192780,327.9,327.91,327.9011,1000,1100,300,1601060071553,1601060071340,2,0,0
3846,SPY,1601060070116,327.9,100,192781,327.9,327.91,327.9011,1000,1100,300,1601060071553,1601060071340,2,0,0
3847,SPY,1601060070116,327.9,100,192782,327.9,327.91,327.9011,1000,1100,300,1601060071553,1601060071340,2,0,0
3848,SPY,1601060070116,327.9,100,192783,327.9,327.91,327.9011,1000,1100,300,1601060071553,1601060071340,2,0,0
3849,SPY,1601060070116,327.91,100,192784,327.9,327.91,327.9011,1000,1100,300,1601060071553,1601060071340,4,0,0
3850,SPY,1601060070116,327.9,100,192785,327.9,327.91,327.9011,1000,1100,300,1601060071553,1601060071340,2,0,0
3851,SPY,1601060070116,327.91,100,192786,327.9,327.91,327.9011,1000,1100,300,1601060071553,1601060071340,4,0,0
3852,SPY,1601060070116,327.91,300,192787,327.9,327.91,327.9011,1000,1100,300,1601060071553,1601060071340,4,0,0
3853,SPY,1601060070116,327.91,100,192788,327.9,327.91,327.9011,1000,1100,300,1601060071553,1601060071340,4,0,0
3854,SPY,1601060070116,327.91,100,192789,327.9,327.91,327.9011,1000,1100,300,1601060071553,1601060071340,4,0,0
3855,SPY,1601060070116,327.91,200,192790,327.9,327.91,327.9011,1000,1100,300,1601060071553,1601060071340,4,0,0
3856,SPY,1601060070117,327.9,100,192791,327.9,327.91,327.9011,1000,1100,300,1601060071553,1601060071340,2,0,0
3857,SPY,1601060070117,327.9,100,192792,327.9,327.91,327.9011,1000,1100,300,1601060071553,1601060071340,2,0,0
3858,SPY,1601060070117,327.9,100,192793,327.9,327.91,327.9011,1000,1100,300,1601060071553,1601060071340,2,0,0
3859,SPY,1601060070120,327.9,400,192794,327.9,327.91,327.9011,1000,1100,300,1601060071553,1601060071340,2,0,0
3860,SPY,1601060070128,327.9,645,192795,327.9,327.91,327.9011,1000,1100,300,1601060071553,1601060071340,2,0,0
3861,SPY,1601060070145,327.865,100,192796,327.9,327.91,327.9011,1000,1100,300,1601060071553,1601060071340,1,0,0
3862,SPY,1601060070164,327.9,100,192797,327.9,327.91,327.9011,1000,1100,300,1601060071553,1601060071340,2,0,0
3863,SPY,1601060070164,327.9,100,192798,327.9,327.91,327.9011,1000,1100,300,1601060071553,1601060071340,2,0,0
3864,SPY,1601060070164,327.9,100,192799,327.9,327.91,327.9011,1000,1100,300,1601060071553,1601060071340,2,0,0
3865,SPY,1601060070172,327.9,100,192800,327.9,327.91,327.9011,1000,1100,300,1601060071553,1601060071340,2,0,0
3866,SPY,1601060070173,327.9,100,192801,327.9,327.91,327.9011,1000,1100,300,1601060071553,1601060071340,2,0,0
3867,SPY,1601060070173,327.9,100,192802,327.9,327.91,327.9011,1000,1100,300,1601060071553,1601060071340,2,0,0
3868,SPY,1601060070176,327.865,100,192803,327.9,327.91,327.9011,1000,1100,300,1601060071553,1601060071340,1,0,0
3869,SPY,1601060070182,327.9,100,192804,327.9,327.91,327.9011,1000,1100,300,1601060071553,1601060071340,2,0,0
3870,SPY,1601060070182,327.9,100,192805,327.9,327.91,327.9011,1000,1100,300,1601060071553,1601060071340,2,0,0
3871,SPY,1601060070182,327.9,100,192806,327.9,327.91,327.9011,1000,1100,300,1601060071553,1601060071340,2,0,0
3872,SPY,1601060070184,327.9,100,192807,327.9,327.91,327.9011,1000,1100,300,1601060071553,1601060071340,2,0,0
3873,SPY,1601060070186,327.9,2157,192808,327.9,327.91,327.9011,1000,1100,300,1601060071553,1601060071340,2,0,0
3874,SPY,1601060070199,327.91,100,192809,327.9,327.91,327.9011,1000,1100,300,1601060071553,1601060071340,4,0,0
3875,SPY,1601060070243,327.91,100,192810,327.9,327.91,327.9011,1000,1100,300,1601060071553,1601060071340,4,0,0
3876,SPY,1601060070243,327.91,100,192811,327.9,327.91,327.9011,1000,1100,300,1601060071553,1601060071340,4,0,0
3877,SPY,1601060070243,327.91,100,192812,327.9,327.91,327.9011,1000,1100,300,1601060071553,1601060071340,4,0,0
3878,SPY,1601060070243,327.91,100,192813,327.9,327.91,327.9011,1000,1100,300,1601060071553,1601060071340,4,0,0
3879,SPY,1601060070247,327.9,100,192814,327.9,327.91,327.9011,1000,1100,300,1601060071553,1601060071340,2,0,0
3880,SPY,1601060070247,327.9,100,192815,327.9,327.91,327.9011,1000,1100,300,1601060071553,1601060071340,2,0,0
3881,SPY,1601060070543,327.9,100,192816,327.9,327.91,327.9011,1000,1100,300,1601060071553,1601060071340,2,0,0
3882,SPY,1601060070573,327.9,100,192817,327.9,327.91,327.9011,1000,1100,300,1601060071553,1601060071340,2,0,0
3883,SPY,1601060070574,327.9,100,192818,327.9,327.91,327.9011,1000,1100,300,1601060071553,1601060071340,2,0,0
3884,SPY,1601060070574,327.9,100,192819,327.9,327.91,327.9011,1000,1100,300,1601060071553,1601060071340,2,0,0
3885,SPY,1601060070578,327.8999,1400,192820,327.9,327.91,327.9011,1000,1100,300,1601060071553,1601060071340,1,0,0
3886,SPY,1601060070581,327.9,100,192821,327.9,327.91,327.9011,1000,1100,300,1601060071553,1601060071340,2,0,0
3887,SPY,1601060070581,327.9,100,192822,327.9,327.91,327.9011,1000,1100,300,1601060071553,1601060071340,2,0,0
3888,SPY,1601060070700,327.895,200,192823,327.9,327.91,327.9011,1000,1100,300,1601060071553,1601060071340,1,0,0
3889,SPY,1601060070700,327.9,377,192824,327.9,327.91,327.9011,1000,1100,300,1601060071553,1601060071340,2,0,0
3890,SPY,1601060070700,327.9,100,192825,327.9,327.91,327.9011,1000,1100,300,1601060071553,1601060071340,2,0,0
3891,SPY,1601060070700,327.9,100,192826,327.9,327.91,327.9011,1000,1100,300,1601060071553,1601060071340,2,0,0
3892,SPY,1601060070700,327.9,100,192827,327.9,327.91,327.9011,1000,1100,300,1601060071553,1601060071340,2,0,0
3893,SPY,1601060070700,327.9,100,192828,327.9,327.91,327.9011,1000,1100,300,1601060071553,1601060071340,2,0,0
3894,SPY,1601060070700,327.9,100,192829,327.9,327.91,327.9011,1000,1100,300,1601060071553,1601060071340,2,0,0
3895,SPY,1601060070700,327.9,200,192830,327.9,327.91,327.9011,1000,1100,300,1601060071553,1601060071340,2,0,0
3896,SPY,1601060070700,327.9,100,192831,327.9,327.91,327.9011,1000,1100,300,1601060071553,1601060071340,2,0,0
3897,SPY,1601060070701,327.91,100,192832,327.9,327.91,327.9011,1000,1100,300,1601060071553,1601060071340,4,0,0
3898,SPY,1601060070701,327.91,100,192833,327.9,327.91,327.9011,1000,1100,300,1601060071553,1601060071340,4,0,0
3899,SPY,1601060070701,327.91,100,192834,327.9,327.91,327.9011,1000,1100,300,1601060071553,1601060071340,4,0,0
3900,SPY,1601060070701,327.91,100,192835,327.9,327.91,327.9011,1000,1100,300,1601060071553,1601060071340,4,0,0
3901,SPY,1601060070701,327.91,100,192836,327.9,327.91,327.9011,1000,1100,300,1601060071553,1601060071340,4,0,0
3902,SPY,1601060070701,327.91,400,192837,327.9,327.91,327.9011,1000,1100,300,1601060071553,1601060071340,4,0,0
3903,SPY,1601060070701,327.91,100,192838,327.9,327.91,327.9011,1000,1100,300,1601060071553,1601060071340,4,0,0
3904,SPY,1601060070702,327.91,200,192839,327.9,327.91,327.9011,1000,1100,300,1601060071553,1601060071340,4,0,0
3905,SPY,1601060070702,327.91,400,192840,327.9,327.91,327.9011,1000,1100,300,1601060071553,1601060071340,4,0,0
3906,SPY,1601060070702,327.91,100,192841,327.9,327.91,327.9011,1000,1100,300,1601060071553,1601060071340,4,0,0
3907,SPY,1601060071013,327.9,100,192842,327.9,327.91,327.9011,1000,1100,300,1601060071553,1601060071340,2,0,0
3908,SPY,1601060071072,327.8918,100,192843,327.9,327.91,327.9011,1000,1100,300,1601060071553,1601060071340,1,0,0
3909,SPY,1601060071332,327.9,100,192844,327.9,327.91,327.9011,1000,1100,300,1601060071553,1601060071340,2,0,0
3910,SPY,1601060071332,327.9,300,192845,327.9,327.91,327.9011,1000,1100,300,1601060071553,1601060071340,2,0,0
3911,SPY,1601060071332,327.9,135,192846,327.9,327.91,327.9011,1000,1100,300,1601060071553,1601060071340,2,0,0
3912,SPY,1601060071332,327.9,200,192847,327.9,327.91,327.9011,1000,1100,300,1601060071553,1601060071340,2,0,0
3913,SPY,1601060071332,327.9,200,192848,327.9,327.91,327.9011,1000,1100,300,1601060071553,1601060071340,2,0,0
3914,SPY,1601060071332,327.9,100,192849,327.9,327.91,327.9011,1000,1100,300,1601060071553,1601060071340,2,0,0
3915,SPY,1601060071340,327.9011,395,192850,327.9,327.91,327.9011,1000,1100,300,1601060071553,1601060071340,2,0,0
11423,SPY,1601061575631,329.41,100,213497,329.4,329.42,329.4,900,600,100,1601061576059,1601061575631,3,0,0
11424,SPY,1601061575631,329.41,200,213498,329.4,329.42,329.4,900,600,100,1601061576059,1601061575631,3,0,0
11425,SPY,1601061575631,329.4,200,213499,329.4,329.42,329.4,900,600,100,1601061576059,1601061575631,2,0,0
11426,SPY,1601061575631,329.4,1500,213500,329.4,329.42,329.4,900,600,100,1601061576059,1601061575631,2,0,0
11427,SPY,1601061575631,329.4,100,213501,329.4,329.42,329.4,900,600,100,1601061576059,1601061575631,2,0,0
11428,SPY,1601061575631,329.4,100,213502,329.4,329.42,329.4,900,600,100,1601061576059,1601061575631,2,0,0
11429,SPY,1601061576723,329.41,100,213503,329.4,329.41,329.405,1500,100,100,1601061576795,1601061576824,4,0,0
11430,SPY,1601061576767,329.41,100,213504,329.4,329.41,329.405,1500,100,100,1601061576795,1601061576824,4,0,0
11431,SPY,1601061576824,329.405,100,213505,329.4,329.41,329.405,1500,100,100,1601061576795,1601061576824,2,0,0
11432,SPY,1601061577352,329.41,100,213506,329.4,329.41,329.405,1500,100,100,1601061576795,1601061576824,4,0,0
11433,SPY,1601061577563,329.4,100,213507,329.4,329.41,329.41,1000,100,200,1601061577881,1601061577880,2,0,0
11434,SPY,1601061577880,329.41,200,213508,329.4,329.41,329.41,1000,100,200,1601061577881,1601061577880,4,0,0
11435,SPY,1601061578216,329.41,100,213509,329.4,329.41,329.41,1000,100,200,1601061577881,1601061577880,4,0,0
11436,SPY,1601061578709,329.4199,100,213510,329.41,329.42,329.42,900,100,100,1601061579018,1601061578987,2,0,0.010009766
11437,SPY,1601061578781,329.42,100,213511,329.41,329.42,329.42,900,100,100,1601061579018,1601061578987,4,0,0
11438,SPY,1601061578902,329.4165,100,213512,329.41,329.42,329.42,900,100,100,1601061579018,1601061578987,2,0,0
11439,SPY,1601061578987,329.42,100,213513,329.41,329.42,329.42,900,100,100,1601061579018,1601061578987,4,0,0
11440,SPY,1601061579529,329.42,100,213514,329.41,329.42,329.42,900,100,100,1601061579018,1601061578987,4,0,0
11441,SPY,1601061580020,329.42,100,213515,329.41,329.42,329.42,200,800,100,1601061579929,1601061579529,4,0,0
11442,SPY,1601061580020,329.42,100,213516,329.41,329.42,329.42,200,800,100,1601061579929,1601061579529,4,0,0
11443,SPY,1601061580675,329.42,100,213517,329.42,329.43,329.42,1400,900,100,1601061580897,1601061580675,2,0,0.009979248
11444,SPY,1601061580921,329.425,100,213518,329.42,329.43,329.42,1400,900,100,1601061580897,1601061580675,2,0,0
11445,SPY,1601061581282,329.425,100,213519,329.42,329.43,329.42,1400,900,100,1601061580897,1601061580675,2,0,0
11446,SPY,1601061581282,329.42,100,213520,329.42,329.43,329.42,1400,900,100,1601061580897,1601061580675,2,0,0
11447,SPY,1601061581282,329.42,100,213521,329.42,329.43,329.42,1400,900,100,1601061580897,1601061580675,2,0,0
11448,SPY,1601061581283,329.42,100,213522,329.42,329.43,329.42,1400,900,100,1601061580897,1601061580675,2,0,0
11449,SPY,1601061581297,329.425,100,213523,329.42,329.43,329.42,1400,900,100,1601061580897,1601061580675,2,0,0
11450,SPY,1601061581297,329.425,100,213524,329.42,329.43,329.42,1400,900,100,1601061580897,1601061580675,2,0,0
11451,SPY,1601061581298,329.4201,100,213525,329.42,329.43,329.42,1400,900,100,1601061580897,1601061580675,2,0,0
11452,SPY,1601061581299,329.4201,100,213526,329.42,329.43,329.42,1400,900,100,1601061580897,1601061580675,2,0,0
11453,SPY,1601061581301,329.42,100,213527,329.42,329.43,329.42,1400,900,100,1601061580897,1601061580675,2,0,0
11454,SPY,1601061581301,329.42,100,213528,329.42,329.43,329.42,1400,900,100,1601061580897,1601061580675,2,0,0
11455,SPY,1601061581301,329.42,100,213529,329.42,329.43,329.42,1400,900,100,1601061580897,1601061580675,2,0,0
11456,SPY,1601061581447,329.43,100,213530,329.42,329.43,329.42,1400,900,100,1601061580897,1601061580675,4,0,0
11457,SPY,1601061581548,329.43,100,213531,329.42,329.43,329.42,1400,900,100,1601061580897,1601061580675,4,0,0
11458,SPY,1601061581548,329.43,100,213532,329.42,329.43,329.42,1400,900,100,1601061580897,1601061580675,4,0,0
11459,SPY,1601061581629,329.43,100,213533,329.42,329.43,329.42,1400,900,100,1601061580897,1601061580675,4,0,0
11460,SPY,1601061581629,329.43,309,213534,329.42,329.43,329.42,1400,900,100,1601061580897,1601061580675,4,0,0
11461,SPY,1601061581629,329.43,200,213535,329.42,329.43,329.42,1400,900,100,1601061580897,1601061580675,4,0,0
11462,SPY,1601061581629,329.43,100,213536,329.42,329.43,329.42,1400,900,100,1601061580897,1601061580675,4,0,0
11463,SPY,1601061581971,329.44,100,213537,329.44,329.45,329.44,800,200,100,1601061582107,1601061581971,2,0,0.020019531
11464,SPY,1601061582430,329.445,100,213538,329.44,329.45,329.44,800,200,100,1601061582107,1601061581971,2,0,0
11465,SPY,1601061582787,329.4484,100,213539,329.44,329.45,329.44,800,200,100,1601061582107,1601061581971,2,0,0
11466,SPY,1601061583214,329.45,100,213540,329.45,329.46,329.4518,300,1900,600,1601061583386,1601061583446,2,0,0.009979248
11467,SPY,1601061583214,329.45,100,213541,329.45,329.46,329.4518,300,1900,600,1601061583386,1601061583446,2,0,0
11468,SPY,1601061583214,329.45,100,213542,329.45,329.46,329.4518,300,1900,600,1601061583386,1601061583446,2,0,0
11469,SPY,1601061583446,329.4518,600,213543,329.45,329.46,329.4518,300,1900,600,1601061583386,1601061583446,2,0,0
11470,SPY,1601061583609,329.455,100,213544,329.45,329.46,329.4518,300,1900,600,1601061583386,1601061583446,2,0,0
11471,SPY,1601061583714,329.45,100,213545,329.45,329.46,329.4518,300,1900,600,1601061583386,1601061583446,2,0,0
11472,SPY,1601061583714,329.45,100,213546,329.45,329.46,329.4518,300,1900,600,1601061583386,1601061583446,2,0,0
11473,SPY,1601061583714,329.45,100,213547,329.45,329.46,329.4518,300,1900,600,1601061583386,1601061583446,2,0,0
11474,SPY,1601061583726,329.45,100,213548,329.45,329.46,329.4518,300,1900,600,1601061583386,1601061583446,2,0,0
11475,SPY,1601061583726,329.45,400,213549,329.45,329.46,329.4518,300,1900,600,1601061583386,1601061583446,2,0,0
11476,SPY,1601061583726,329.45,100,213550,329.45,329.46,329.4518,300,1900,600,1601061583386,1601061583446,2,0,0
11477,SPY,1601061583727,329.45,100,213551,329.45,329.46,329.4518,300,1900,600,1601061583386,1601061583446,2,0,0
11478,SPY,1601061583854,329.445,100,213552,329.45,329.46,329.4518,300,1900,600,1601061583386,1601061583446,1,0,0
11479,SPY,1601061583854,329.445,100,213553,329.45,329.46,329.4518,300,1900,600,1601061583386,1601061583446,1,0,0
11480,SPY,1601061583854,329.445,100,213554,329.45,329.46,329.4518,300,1900,600,1601061583386,1601061583446,1,0,0
11481,SPY,1601061583854,329.445,100,213555,329.45,329.46,329.4518,300,1900,600,1601061583386,1601061583446,1,0,0
11482,SPY,1601061583854,329.445,200,213556,329.45,329.46,329.4518,300,1900,600,1601061583386,1601061583446,1,0,0
11483,SPY,1601061583854,329.445,200,213557,329.45,329.46,329.4518,300,1900,600,1601061583386,1601061583446,1,0,0
11484,SPY,1601061583855,329.445,200,213558,329.45,329.46,329.4518,300,1900,600,1601061583386,1601061583446,1,0,0
11485,SPY,1601061584010,329.44,100,213559,329.45,329.46,329.4518,300,1900,600,1601061583386,1601061583446,1,0,0
11486,SPY,1601061584011,329.44,100,213560,329.45,329.46,329.4518,300,1900,600,1601061583386,1601061583446,1,0,0
11487,SPY,1601061584011,329.44,100,213561,329.45,329.46,329.4518,300,1900,600,1601061583386,1601061583446,1,0,0
11488,SPY,1601061584011,329.44,100,213562,329.45,329.46,329.4518,300,1900,600,1601061583386,1601061583446,1,0,0
11489,SPY,1601061584041,329.43,100,213563,329.45,329.46,329.4518,300,1900,600,1601061583386,1601061583446,1,0,0
11490,SPY,1601061584042,329.43,100,213564,329.45,329.46,329.4518,300,1900,600,1601061583386,1601061583446,1,0,0
11491,SPY,1601061584042,329.42,100,213565,329.45,329.46,329.4518,300,1900,600,1601061583386,1601061583446,1,0,0
11492,SPY,1601061584042,329.42,100,213566,329.45,329.46,329.4518,300,1900,600,1601061583386,1601061583446,1,0,0
11493,SPY,1601061584617,329.42,100,213567,0,0,0,0,0,0,0,0,0,329.45,0
11494,SPY,1601061584780,329.43,100,213568,0,0,0,0,0,0,0,0,0,0,0
11495,SPY,1601061584898,329.435,100,213569,0,0,0,0,0,0,0,0,0,0,0
11496,SPY,1601061584953,329.44,100,213570,0,0,0,0,0,0,0,0,0,0,0
11497,SPY,1601061584953,329.44,100,213571,0,0,0,0,0,0,0,0,0,0,0
11498,SPY,1601061584953,329.44,100,213572,0,0,0,0,0,0,0,0,0,0,0
11499,SPY,1601061584953,329.44,100,213573,0,0,0,0,0,0,0,0,0,0,0
11500,SPY,1601061585269,329.44,100,213574,0,0,0,0,0,0,0,0,0,0,0
11501,SPY,1601061585269,329.44,100,213575,0,0,0,0,0,0,0,0,0,0,0
11502,SPY,1601061585269,329.44,100,213576,0,0,0,0,0,0,0,0,0,0,0
11503,SPY,1601061585269,329.44,100,213577,0,0,0,0,0,0,0,0,0,0,0
11504,SPY,1601061585880,329.43,100,213578,0,0,0,0,0,0,0,0,0,0,0
11505,SPY,1601061585880,329.43,100,213579,0,0,0,0,0,0,0,0,0,0,0
11506,SPY,1601061585880,329.43,100,213580,0,0,0,0,0,0,0,0,0,0,0
11507,SPY,1601061585880,329.43,100,213581,0,0,0,0,0,0,0,0,0,0,0
11508,SPY,1601061586007,329.435,100,213582,0,0,0,0,0,0,0,0,0,0,0
11509,SPY,1601061586007,329.435,100,213583,0,0,0,0,0,0,0,0,0,0,0
11510,SPY,1601061586008,329.435,100,213584,0,0,0,0,0,0,0,0,0,0,0
11511,SPY,1601061586010,329.435,107,213585,0,0,0,0,0,0,0,0,0,0,0
11512,SPY,1601061586075,329.43,100,213586,0,0,0,0,0,0,0,0,0,0,0
11513,SPY,1601061586075,329.43,100,213587,0,0,0,0,0,0,0,0,0,0,0
11514,SPY,1601061586708,329.42,100,213588,0,0,0,0,0,0,0,0,0,0,0
11515,SPY,1601061586823,329.415,200,213589,0,0,0,0,0,0,0,0,0,0,0
11516,SPY,1601061586825,329.41,100,213590,0,0,0,0,0,0,0,0,0,0,0
11517,SPY,1601061587118,329.41,100,213591,0,0,0,0,0,0,0,0,0,0,0
11518,SPY,1601061587179,329.415,100,213592,0,0,0,0,0,0,0,0,0,0,0
11519,SPY,1601061587179,329.415,100,213593,0,0,0,0,0,0,0,0,0,0,0
11520,SPY,1601061587270,329.41,100,213594,0,0,0,0,0,0,0,0,0,0,0
11521,SPY,1601061587271,329.41,100,213595,0,0,0,0,0,0,0,0,0,0,0
11522,SPY,1601061587271,329.4,200,213596,0,0,0,0,0,0,0,0,0,0,0
11523,SPY,1601061587271,329.4,100,213597,0,0,0,0,0,0,0,0,0,0,0
11524,SPY,1601061587271,329.4,100,213598,0,0,0,0,0,0,0,0,0,0,0
11525,SPY,1601061587723,329.415,100,213599,0,0,0,0,0,0,0,0,0,0,0
11526,SPY,1601061587841,329.42,100,213600,0,0,0,0,0,0,0,0,0,0,0
11527,SPY,1601061588037,329.42,100,213601,0,0,0,0,0,0,0,0,0,0,0
11528,SPY,1601061588037,329.42,100,213602,0,0,0,0,0,0,0,0,0,0,0
11529,SPY,1601061588056,329.415,100,213603,0,0,0,0,0,0,0,0,0,0,0
11530,SPY,1601061588617,329.415,100,213604,0,0,0,0,0,0,0,0,0,0,0
11531,SPY,1601061589056,329.41,100,213605,0,0,0,0,0,0,0,0,0,0,0
11532,SPY,1601061589056,329.41,100,213606,0,0,0,0,0,0,0,0,0,0,0
11533,SPY,1601061589056,329.41,100,213607,0,0,0,0,0,0,0,0,0,0,0
11534,SPY,1601061589056,329.41,100,213608,0,0,0,0,0,0,0,0,0,0,0
11535,SPY,1601061589056,329.41,100,213609,0,0,0,0,0,0,0,0,0,0,0
11536,SPY,1601061589056,329.41,100,213610,0,0,0,0,0,0,0,0,0,0,0
11537,SPY,1601061589056,329.41,100,213611,0,0,0,0,0,0,0,0,0,0,0
11538,SPY,1601061589056,329.41,100,213612,0,0,0,0,0,0,0,0,0,0,0
11539,SPY,1601061589057,329.41,100,213613,0,0,0,0,0,0,0,0,0,0,0
11540,SPY,1601061589059,329.4,642,213614,0,0,0,0,0,0,0,0,0,0,0
11541,SPY,1601061589059,329.4,100,213615,0,0,0,0,0,0,0,0,0,0,0
11542,SPY,1601061589157,329.41,100,213616,0,0,0,0,0,0,0,0,0,0,0
11543,SPY,1601061589166,329.41,100,213617,0,0,0,0,0,0,0,0,0,0,0
11544,SPY,1601061589166,329.41,100,213618,0,0,0,0,0,0,0,0,0,0,0
11545,SPY,1601061589166,329.41,100,213619,0,0,0,0,0,0,0,0,0,0,0
11546,SPY,1601061589326,329.43,200,213620,0,0,0,0,0,0,0,0,0,0,0
11547,SPY,1601061589326,329.43,100,213621,0,0,0,0,0,0,0,0,0,0,0
11548,SPY,1601061589326,329.42,100,213622,0,0,0,0,0,0,0,0,0,0,0
11549,SPY,1601061589326,329.42,100,213623,0,0,0,0,0,0,0,0,0,0,0
11550,SPY,1601061589326,329.42,100,213624,0,0,0,0,0,0,0,0,0,0,0
11551,SPY,1601061589326,329.43,100,213625,0,0,0,0,0,0,0,0,0,0,0
11552,SPY,1601061589326,329.43,300,213626,0,0,0,0,0,0,0,0,0,0,0
11553,SPY,1601061589326,329.43,100,213627,0,0,0,0,0,0,0,0,0,0,0
11554,SPY,1601061589326,329.43,100,213628,0,0,0,0,0,0,0,0,0,0,0
11555,SPY,1601061589326,329.43,100,213629,0,0,0,0,0,0,0,0,0,0,0
11556,SPY,1601061589327,329.43,100,213630,0,0,0,0,0,0,0,0,0,0,0
11557,SPY,1601061589327,329.43,100,213631,0,0,0,0,0,0,0,0,0,0,0
11558,SPY,1601061589327,329.44,100,213632,0,0,0,0,0,0,0,0,0,0,0
11559,SPY,1601061589327,329.44,100,213633,0,0,0,0,0,0,0,0,0,0,0
11560,SPY,1601061589327,329.44,100,213634,0,0,0,0,0,0,0,0,0,0,0
11561,SPY,1601061589327,329.43,100,213635,0,0,0,0,0,0,0,0,0,0,0
11562,SPY,1601061589327,329.44,100,213636,0,0,0,0,0,0,0,0,0,0,0
11563,SPY,1601061589328,329.44,100,213637,0,0,0,0,0,0,0,0,0,0,0
11564,SPY,1601061589329,329.44,100,213638,0,0,0,0,0,0,0,0,0,0,0
11565,SPY,1601061589329,329.44,200,213639,0,0,0,0,0,0,0,0,0,0,0
11566,SPY,1601061589329,329.44,100,213640,0,0,0,0,0,0,0,0,0,0,0
11567,SPY,1601061589329,329.44,100,213641,0,0,0,0,0,0,0,0,0,0,0
11568,SPY,1601061589329,329.45,100,213642,0,0,0,0,0,0,0,0,0,0,0
11569,SPY,1601061589330,329.45,100,213643,0,0,0,0,0,0,0,0,0,0,0
11570,SPY,1601061589332,329.45,100,213644,0,0,0,0,0,0,0,0,0,0,0
11571,SPY,1601061589333,329.45,165,213645,0,0,0,0,0,0,0,0,0,0,0
11572,SPY,1601061589335,329.45,100,213646,0,0,0,0,0,0,0,0,0,0,0
11573,SPY,1601061589335,329.45,300,213647,0,0,0,0,0,0,0,0,0,0,0
11574,SPY,1601061589336,329.44,100,213648,0,0,0,0,0,0,0,0,0,0,0
11575,SPY,1601061589336,329.44,100,213649,0,0,0,0,0,0,0,0,0,0,0
11576,SPY,1601061589366,329.45,210,213650,0,0,0,0,0,0,0,0,0,0,0
11577,SPY,1601061589366,329.45,200,213651,0,0,0,0,0,0,0,0,0,0,0
11578,SPY,1601061589366,329.45,200,213652,0,0,0,0,0,0,0,0,0,0,0
11579,SPY,1601061589366,329.45,100,213653,0,0,0,0,0,0,0,0,0,0,0
11580,SPY,1601061589568,329.435,100,213654,0,0,0,0,0,0,0,0,0,0,0
11581,SPY,1601061589631,329.43,100,213655,0,0,0,0,0,0,0,0,0,0,0
11582,SPY,1601061589631,329.43,100,213656,0,0,0,0,0,0,0,0,0,0,0
11583,SPY,1601061589766,329.43,200,213657,0,0,0,0,0,0,0,0,0,0,0
11584,SPY,1601061589767,329.43,100,213658,0,0,0,0,0,0,0,0,0,0,0
11585,SPY,1601061590053,329.435,100,213659,0,0,0,0,0,0,0,0,0,0,0
11586,SPY,1601061590059,329.435,100,213660,0,0,0,0,0,0,0,0,0,0,0
11587,SPY,1601061590071,329.44,100,213661,0,0,0,0,0,0,0,0,0,0,0
11588,SPY,1601061590071,329.435,701,213662,0,0,0,0,0,0,0,0,0,0,0
11589,SPY,1601061590072,329.435,799,213663,0,0,0,0,0,0,0,0,0,0,0
11590,SPY,1601061590177,329.44,554,213664,0,0,0,0,0,0,0,0,0,0,0
11591,SPY,1601061590177,329.44,104,213665,0,0,0,0,0,0,0,0,0,0,0
11592,SPY,1601061590182,329.4301,300,213666,0,0,0,0,0,0,0,0,0,0,0
11593,SPY,1601061590277,329.44,300,213667,0,0,0,0,0,0,0,0,0,0,0
11594,SPY,1601061590284,329.44,100,213668,0,0,0,0,0,0,0,0,0,0,0
11595,SPY,1601061590286,329.4425,100,213669,0,0,0,0,0,0,0,0,0,0,0
11596,SPY,1601061590286,329.44,100,213670,0,0,0,0,0,0,0,0,0,0,0
11597,SPY,1601061590304,329.45,200,213671,0,0,0,0,0,0,0,0,0,0,0
11598,SPY,1601061590339,329.455,100,213672,0,0,0,0,0,0,0,0,0,0,0
11599,SPY,1601061590591,329.45,100,213673,0,0,0,0,0,0,0,0,0,0,0
11600,SPY,1601061590591,329.45,100,213674,0,0,0,0,0,0,0,0,0,0,0
11601,SPY,1601061590597,329.4552,300,213675,0,0,0,0,0,0,0,0,0,0,0
11602,SPY,1601061590746,329.45,100,213676,0,0,0,0,0,0,0,0,0,0,0
11603,SPY,1601061591321,329.45,100,213677,0,0,0,0,0,0,0,0,0,0,0
11604,SPY,1601061591321,329.45,200,213678,0,0,0,0,0,0,0,0,0,0,0
11605,SPY,1601061591812,329.455,100,213679,0,0,0,0,0,0,0,0,0,0,0
11606,SPY,1601061591812,329.455,100,213680,0,0,0,0,0,0,0,0,0,0,0
11607,SPY,1601061591812,329.455,100,213681,0,0,0,0,0,0,0,0,0,0,0
11608,SPY,1601061591812,329.46,100,213682,0,0,0,0,0,0,0,0,0,0,0
11609,SPY,1601061591812,329.46,100,213683,0,0,0,0,0,0,0,0,0,0,0
11610,SPY,1601061591812,329.46,100,213684,0,0,0,0,0,0,0,0,0,0,0
11611,SPY,1601061591812,329.46,100,213685,0,0,0,0,0,0,0,0,0,0,0
11612,SPY,1601061591812,329.46,200,213686,0,0,0,0,0,0,0,0,0,0,0
11613,SPY,1601061592004,329.45,100,213687,0,0,0,0,0,0,0,0,0,0,0
11614,SPY,1601061592071,329.46,100,213688,0,0,0,0,0,0,0,0,0,0,0
11615,SPY,1601061592369,329.4599,100,213689,0,0,0,0,0,0,0,0,0,0,0
11616,SPY,1601061593012,329.45,100,213690,0,0,0,0,0,0,0,0,0,0,0
11617,SPY,1601061593012,329.45,100,213691,0,0,0,0,0,0,0,0,0,0,0
11618,SPY,1601061593012,329.45,100,213692,0,0,0,0,0,0,0,0,0,0,0
11619,SPY,1601061593012,329.45,100,213693,0,0,0,0,0,0,0,0,0,0,0
11620,SPY,1601061593048,329.44,100,213694,0,0,0,0,0,0,0,0,0,0,0
11621,SPY,1601061593049,329.44,200,213695,0,0,0,0,0,0,0,0,0,0,0
11622,SPY,1601061593051,329.4486,700,213696,0,0,0,0,0,0,0,0,0,0,0
11623,SPY,1601061593384,329.43,100,213697,0,0,0,0,0,0,0,0,0,0,0
11624,SPY,1601061593439,329.43,100,213698,0,0,0,0,0,0,0,0,0,0,0
11625,SPY,1601061593439,329.43,100,213699,0,0,0,0,0,0,0,0,0,0,0
11626,SPY,1601061593439,329.43,100,213700,0,0,0,0,0,0,0,0,0,0,0
11627,SPY,1601061593439,329.43,100,213701,0,0,0,0,0,0,0,0,0,0,0
11628,SPY,1601061593439,329.43,200,213702,0,0,0,0,0,0,0,0,0,0,0
11629,SPY,1601061594103,329.45,100,213703,0,0,0,0,0,0,0,0,0,0,0
11630,SPY,1601061594105,329.45,100,213704,0,0,0,0,0,0,0,0,0,0,0
11631,SPY,1601061594324,329.46,100,213705,0,0,0,0,0,0,0,0,0,0,0
11632,SPY,1601061594781,329.455,100,213706,0,0,0,0,0,0,0,0,0,0,0
11633,SPY,1601061594864,329.455,200,213707,0,0,0,0,0,0,0,0,0,0,0
11634,SPY,1601061595122,329.455,200,213708,0,0,0,0,0,0,0,0,0,0,0
11635,SPY,1601061595125,329.455,300,213709,0,0,0,0,0,0,0,0,0,0,0
11636,SPY,1601061595126,329.455,100,213710,0,0,0,0,0,0,0,0,0,0,0
11637,SPY,1601061595128,329.451,400,213711,0,0,0,0,0,0,0,0,0,0,0
11638,SPY,1601061595163,329.45,100,213712,0,0,0,0,0,0,0,0,0,0,0
11639,SPY,1601061595163,329.45,100,213713,0,0,0,0,0,0,0,0,0,0,0
11640,SPY,1601061595261,329.45,100,213714,0,0,0,0,0,0,0,0,0,0,0
11641,SPY,1601061595262,329.45,100,213715,0,0,0,0,0,0,0,0,0,0,0
11642,SPY,1601061595262,329.45,100,213716,0,0,0,0,0,0,0,0,0,0,0
11643,SPY,1601061595262,329.45,185,213717,0,0,0,0,0,0,0,0,0,0,0
11644,SPY,1601061595262,329.45,100,213718,0,0,0,0,0,0,0,0,0,0,0
11645,SPY,1601061595756,329.45,100,213719,0,0,0,0,0,0,0,0,0,0,0
11646,SPY,1601061595756,329.45,100,213720,0,0,0,0,0,0,0,0,0,0,0
11647,SPY,1601061595912,329.45,100,213721,0,0,0,0,0,0,0,0,0,0,0
11648,SPY,1601061595912,329.45,100,213722,0,0,0,0,0,0,0,0,0,0,0
11649,SPY,1601061595912,329.46,200,213723,0,0,0,0,0,0,0,0,0,0,0
11650,SPY,1601061595912,329.46,100,213724,0,0,0,0,0,0,0,0,0,0,0
11651,SPY,1601061595912,329.46,214,213725,0,0,0,0,0,0,0,0,0,0,0
11652,SPY,1601061595912,329.46,100,213726,0,0,0,0,0,0,0,0,0,0,0
11653,SPY,1601061596031,329.46,100,213727,0,0,0,0,0,0,0,0,0,0,0
11654,SPY,1601061596243,329.4584,300,213728,0,0,0,0,0,0,0,0,0,0,0
11655,SPY,1601061596416,329.46,500,213729,0,0,0,0,0,0,0,0,0,0,0
11656,SPY,1601061596416,329.46,123,213730,0,0,0,0,0,0,0,0,0,0,0
11657,SPY,1601061596416,329.46,100,213731,0,0,0,0,0,0,0,0,0,0,0
11658,SPY,1601061596416,329.46,188,213732,0,0,0,0,0,0,0,0,0,0,0
11659,SPY,1601061596416,329.46,100,213733,0,0,0,0,0,0,0,0,0,0,0
11660,SPY,1601061597294,329.45,100,213734,0,0,0,0,0,0,0,0,0,0,0
11661,SPY,1601061597294,329.45,100,213735,0,0,0,0,0,0,0,0,0,0,0
11662,SPY,1601061597306,329.45,100,213736,0,0,0,0,0,0,0,0,0,0,0
11663,SPY,1601061597306,329.45,100,213737,0,0,0,0,0,0,0,0,0,0,0
11664,SPY,1601061597306,329.45,100,213738,0,0,0,0,0,0,0,0,0,0,0
11665,SPY,1601061597306,329.45,100,213739,0,0,0,0,0,0,0,0,0,0,0
11666,SPY,1601061597429,329.44,100,213740,0,0,0,0,0,0,0,0,0,0,0
11667,SPY,1601061597435,329.44,400,213741,0,0,0,0,0,0,0,0,0,0,0
11668,SPY,1601061597479,329.43,100,213742,0,0,0,0,0,0,0,0,0,0,0
11669,SPY,1601061598722,329.44,100,213743,0,0,0,0,0,0,0,0,0,0,0
11670,SPY,1601061598745,329.45,100,213744,0,0,0,0,0,0,0,0,0,0,0
11671,SPY,1601061598745,329.45,100,213745,0,0,0,0,0,0,0,0,0,0,0
11672,SPY,1601061598745,329.45,200,213746,0,0,0,0,0,0,0,0,0,0,0
11673,SPY,1601061598745,329.45,300,213747,0,0,0,0,0,0,0,0,0,0,0
11674,SPY,1601061598745,329.45,140,213748,0,0,0,0,0,0,0,0,0,0,0
11675,SPY,1601061598746,329.45,100,213749,0,0,0,0,0,0,0,0,0,0,0
11676,SPY,1601061598746,329.45,100,213750,0,0,0,0,0,0,0,0,0,0,0
11677,SPY,1601061598746,329.45,100,213751,0,0,0,0,0,0,0,0,0,0,0
11678,SPY,1601061598746,329.45,100,213752,0,0,0,0,0,0,0,0,0,0,0
11679,SPY,1601061598746,329.45,100,213753,0,0,0,0,0,0,0,0,0,0,0
11680,SPY,1601061598746,329.45,100,213754,0,0,0,0,0,0,0,0,0,0,0
11681,SPY,1601061598746,329.45,200,213755,0,0,0,0,0,0,0,0,0,0,0
11682,SPY,1601061598746,329.45,100,213756,0,0,0,0,0,0,0,0,0,0,0
11683,SPY,1601061598746,329.46,300,213757,0,0,0,0,0,0,0,0,0,0,0
11684,SPY,1601061598747,329.46,100,213758,0,0,0,0,0,0,0,0,0,0,0
11685,SPY,1601061599279,329.44,100,213759,0,0,0,0,0,0,0,0,0,0,0
11686,SPY,1601061599279,329.44,100,213760,0,0,0,0,0,0,0,0,0,0,0
11687,SPY,1601061599279,329.44,100,213761,0,0,0,0,0,0,0,0,0,0,0
11688,SPY,1601061599974,329.445,500,213762,0,0,0,0,0,0,0,0,0,0,0
11689,SPY,1601061600145,329.45,100,213763,0,0,0,0,0,0,0,0,0,0,0
11690,SPY,1601061600146,329.45,150,213764,0,0,0,0,0,0,0,0,0,0,0
11691,SPY,1601061600170,329.46,100,213765,0,0,0,0,0,0,0,0,0,0,0
11692,SPY,1601061600427,329.475,100,213766,0,0,0,0,0,0,0,0,0,0,0
11693,SPY,1601061600615,329.47,200,213767,0,0,0,0,0,0,0,0,0,0,0
11694,SPY,1601061600616,329.47,100,213768,0,0,0,0,0,0,0,0,0,0,0
11695,SPY,1601061600616,329.47,200,213769,0,0,0,0,0,0,0,0,0,0,0
11696,SPY,1601061600617,329.46,100,213770,0,0,0,0,0,0,0,0,0,0,0
11697,SPY,1601061600617,329.46,200,213771,0,0,0,0,0,0,0,0,0,0,0
11698,SPY,1601061600617,329.46,327,213772,0,0,0,0,0,0,0,0,0,0,0
11699,SPY,1601061600617,329.46,100,213773,0,0,0,0,0,0,0,0,0,0,0
11700,SPY,1601061600618,329.47,200,213774,0,0,0,0,0,0,0,0,0,0,0
11701,SPY,1601061600734,329.46,100,213775,0,0,0,0,0,0,0,0,0,0,0
11702,SPY,1601061600766,329.47,100,213776,0,0,0,0,0,0,0,0,0,0,0
11703,SPY,1601061600867,329.46,100,213777,0,0,0,0,0,0,0,0,0,0,0
11704,SPY,1601061600867,329.46,117,213778,0,0,0,0,0,0,0,0,0,0,0
11705,SPY,1601061600950,329.46,100,213779,0,0,0,0,0,0,0,0,0,0,0
11706,SPY,1601061600989,329.46,485,213780,0,0,0,0,0,0,0,0,0,0,0
11707,SPY,1601061601163,329.44,100,213781,0,0,0,0,0,0,0,0,0,0,0
11708,SPY,1601061601163,329.44,100,213782,0,0,0,0,0,0,0,0,0,0,0
11709,SPY,1601061601163,329.44,100,213783,0,0,0,0,0,0,0,0,0,0,0
11710,SPY,1601061601163,329.44,200,213784,0,0,0,0,0,0,0,0,0,0,0
11711,SPY,1601061601163,329.44,100,213785,0,0,0,0,0,0,0,0,0,0,0
11712,SPY,1601061601163,329.43,100,213786,0,0,0,0,0,0,0,0,0,0,0
11713,SPY,1601061601163,329.43,100,213787,0,0,0,0,0,0,0,0,0,0,0
11714,SPY,1601061601163,329.43,100,213788,0,0,0,0,0,0,0,0,0,0,0
11715,SPY,1601061601163,329.43,200,213789,0,0,0,0,0,0,0,0,0,0,0
11716,SPY,1601061601163,329.43,100,213790,0,0,0,0,0,0,0,0,0,0,0
11717,SPY,1601061601163,329.43,100,213791,0,0,0,0,0,0,0,0,0,0,0
11718,SPY,1601061601163,329.43,100,213792,0,0,0,0,0,0,0,0,0,0,0
11719,SPY,1601061601163,329.44,100,213793,0,0,0,0,0,0,0,0,0,0,0
11720,SPY,1601061601163,329.44,100,213794,0,0,0,0,0,0,0,0,0,0,0
11721,SPY,1601061601163,329.44,100,213795,0,0,0,0,0,0,0,0,0,0,0
11722,SPY,1601061601163,329.44,100,213796,0,0,0,0,0,0,0,0,0,0,0
11723,SPY,1601061601163,329.43,100,213797,0,0,0,0,0,0,0,0,0,0,0
11724,SPY,1601061601163,329.43,100,213798,0,0,0,0,0,0,0,0,0,0,0
11725,SPY,1601061601163,329.43,100,213799,0,0,0,0,0,0,0,0,0,0,0
11726,SPY,1601061601163,329.44,100,213800,0,0,0,0,0,0,0,0,0,0,0
11727,SPY,1601061601163,329.44,100,213801,0,0,0,0,0,0,0,0,0,0,0
11728,SPY,1601061601163,329.44,100,213802,0,0,0,0,0,0,0,0,0,0,0
11729,SPY,1601061601163,329.43,100,213803,0,0,0,0,0,0,0,0,0,0,0
11730,SPY,1601061601163,329.43,100,213804,0,0,0,0,0,0,0,0,0,0,0
11731,SPY,1601061601164,329.42,100,213805,0,0,0,0,0,0,0,0,0,0,0
11732,SPY,1601061601164,329.42,100,213806,0,0,0,0,0,0,0,0,0,0,0
11733,SPY,1601061601164,329.445,100,213807,0,0,0,0,0,0,0,0,0,0,0
11734,SPY,1601061601165,329.445,100,213808,0,0,0,0,0,0,0,0,0,0,0
11735,SPY,1601061601165,329.42,200,213809,0,0,0,0,0,0,0,0,0,0,0
11736,SPY,1601061601165,329.42,100,213810,0,0,0,0,0,0,0,0,0,0,0
11737,SPY,1601061601166,329.42,100,213811,0,0,0,0,0,0,0,0,0,0,0
11738,SPY,1601061601166,329.42,100,213812,0,0,0,0,0,0,0,0,0,0,0
11739,SPY,1601061601166,329.42,200,213813,0,0,0,0,0,0,0,0,0,0,0
11740,SPY,1601061601168,329.43,100,213814,0,0,0,0,0,0,0,0,0,0,0
11741,SPY,1601061601168,329.43,100,213815,0,0,0,0,0,0,0,0,0,0,0
11742,SPY,1601061601172,329.42,200,213816,0,0,0,0,0,0,0,0,0,0,0
11743,SPY,1601061601174,329.41,100,213817,0,0,0,0,0,0,0,0,0,0,0
11744,SPY,1601061601176,329.405,100,213818,0,0,0,0,0,0,0,0,0,0,0
11745,SPY,1601061601182,329.4,100,213819,0,0,0,0,0,0,0,0,0,0,0
11746,SPY,1601061601205,329.42,100,213820,0,0,0,0,0,0,0,0,0,0,0
11747,SPY,1601061601244,329.395,100,213821,0,0,0,0,0,0,0,0,0,0,0
11748,SPY,1601061601246,329.395,100,213822,0,0,0,0,0,0,0,0,0,0,0
11749,SPY,1601061601265,329.4,200,213823,0,0,0,0,0,0,0,0,0,0,0
11750,SPY,1601061601265,329.4,100,213824,0,0,0,0,0,0,0,0,0,0,0
11751,SPY,1601061601267,329.4,100,213825,0,0,0,0,0,0,0,0,0,0,0
11752,SPY,1601061601324,329.395,150,213826,0,0,0,0,0,0,0,0,0,0,0
11753,SPY,1601061601338,329.4,350,213827,0,0,0,0,0,0,0,0,0,0,0
11754,SPY,1601061601358,329.39,100,213828,0,0,0,0,0,0,0,0,0,0,0
11755,SPY,1601061601358,329.39,100,213829,0,0,0,0,0,0,0,0,0,0,0
11756,SPY,1601061601358,329.39,100,213830,0,0,0,0,0,0,0,0,0,0,0
11757,SPY,1601061601358,329.39,100,213831,0,0,0,0,0,0,0,0,0,0,0
11758,SPY,1601061601358,329.39,100,213832,0,0,0,0,0,0,0,0,0,0,0
11759,SPY,1601061601466,329.38,100,213833,0,0,0,0,0,0,0,0,0,0,0
11760,SPY,1601061601466,329.38,100,213834,0,0,0,0,0,0,0,0,0,0,0
11761,SPY,1601061601466,329.38,100,213835,0,0,0,0,0,0,0,0,0,0,0
11762,SPY,1601061601543,329.38,100,213836,329.38,329.39,329.39,2100,200,100,1601061601980,1601061601979,2,0,329.39
11763,SPY,1601061601543,329.38,700,213837,329.38,329.39,329.39,2100,200,100,1601061601980,1601061601979,2,0,0
11764,SPY,1601061601543,329.38,100,213838,329.38,329.39,329.39,2100,200,100,1601061601980,1601061601979,2,0,0
11765,SPY,1601061601543,329.38,200,213839,329.38,329.39,329.39,2100,200,100,1601061601980,1601061601979,2,0,0
11766,SPY,1601061601543,329.38,400,213840,329.38,329.39,329.39,2100,200,100,1601061601980,1601061601979,2,0,0
11767,SPY,1601061601543,329.38,700,213841,329.38,329.39,329.39,2100,200,100,1601061601980,1601061601979,2,0,0
11768,SPY,1601061601543,329.38,100,213842,329.38,329.39,329.39,2100,200,100,1601061601980,1601061601979,2,0,0
11769,SPY,1601061601543,329.38,100,213843,329.38,329.39,329.39,2100,200,100,1601061601980,1601061601979,2,0,0
11770,SPY,1601061601543,329.38,100,213844,329.38,329.39,329.39,2100,200,100,1601061601980,1601061601979,2,0,0
11771,SPY,1601061601544,329.38,600,213845,329.38,329.39,329.39,2100,200,100,1601061601980,1601061601979,2,0,0
11772,SPY,1601061601544,329.38,100,213846,329.38,329.39,329.39,2100,200,100,1601061601980,1601061601979,2,0,0
11773,SPY,1601061601544,329.38,400,213847,329.38,329.39,329.39,2100,200,100,1601061601980,1601061601979,2,0,0
11774,SPY,1601061601544,329.38,100,213848,329.38,329.39,329.39,2100,200,100,1601061601980,1601061601979,2,0,0
11775,SPY,1601061601544,329.38,100,213849,329.38,329.39,329.39,2100,200,100,1601061601980,1601061601979,2,0,0
11776,SPY,1601061601581,329.375,100,213850,329.38,329.39,329.39,2100,200,100,1601061601980,1601061601979,1,0,0
11777,SPY,1601061601644,329.38,100,213851,329.38,329.39,329.39,2100,200,100,1601061601980,1601061601979,2,0,0
11778,SPY,1601061601645,329.38,600,213852,329.38,329.39,329.39,2100,200,100,1601061601980,1601061601979,2,0,0
11779,SPY,1601061601645,329.38,100,213853,329.38,329.39,329.39,2100,200,100,1601061601980,1601061601979,2,0,0
11780,SPY,1601061601646,329.3767,100,213854,329.38,329.39,329.39,2100,200,100,1601061601980,1601061601979,1,0,0
11781,SPY,1601061601678,329.42,100,213855,329.38,329.39,329.39,2100,200,100,1601061601980,1601061601979,5,0,0
11782,SPY,1601061601680,329.42,100,213856,329.38,329.39,329.39,2100,200,100,1601061601980,1601061601979,5,0,0
11783,SPY,1601061601962,329.39,100,213857,329.38,329.39,329.39,2100,200,100,1601061601980,1601061601979,4,0,0
11784,SPY,1601061601979,329.39,100,213858,329.38,329.39,329.39,2100,200,100,1601061601980,1601061601979,4,0,0
11785,SPY,1601061601985,329.39,100,213859,329.38,329.39,329.39,2100,200,100,1601061601980,1601061601979,4,0,0
11786,SPY,1601061602273,329.39,100,213860,329.38,329.39,329.39,2100,200,100,1601061601980,1601061601979,4,0,0
11787,SPY,1601061602412,329.395,100,213861,329.36,329.37,329.38,200,400,100,1601061603229,1601061603071,5,0.020019531,0
11788,SPY,1601061602412,329.395,100,213862,329.36,329.37,329.38,200,400,100,1601061603229,1601061603071,5,0,0
11789,SPY,1601061602412,329.395,100,213863,329.36,329.37,329.38,200,400,100,1601061603229,1601061603071,5,0,0
11790,SPY,1601061602412,329.395,100,213864,329.36,329.37,329.38,200,400,100,1601061603229,1601061603071,5,0,0
11791,SPY,1601061602412,329.395,100,213865,329.36,329.37,329.38,200,400,100,1601061603229,1601061603071,5,0,0
11792,SPY,1601061602412,329.395,100,213866,329.36,329.37,329.38,200,400,100,1601061603229,1601061603071,5,0,0
11793,SPY,1601061602412,329.395,100,213867,329.36,329.37,329.38,200,400,100,1601061603229,1601061603071,5,0,0
11794,SPY,1601061602412,329.395,200,213868,329.36,329.37,329.38,200,400,100,1601061603229,1601061603071,5,0,0
11795,SPY,1601061602412,329.395,200,213869,329.36,329.37,329.38,200,400,100,1601061603229,1601061603071,5,0,0
11796,SPY,1601061602413,329.4,100,213870,329.36,329.37,329.38,200,400,100,1601061603229,1601061603071,5,0,0
11797,SPY,1601061602413,329.4,100,213871,329.36,329.37,329.38,200,400,100,1601061603229,1601061603071,5,0,0
11798,SPY,1601061602414,329.4,416,213872,329.36,329.37,329.38,200,400,100,1601061603229,1601061603071,5,0,0
11799,SPY,1601061602414,329.4,262,213873,329.36,329.37,329.38,200,400,100,1601061603229,1601061603071,5,0,0
11800,SPY,1601061602785,329.39,100,213874,329.36,329.37,329.38,200,400,100,1601061603229,1601061603071,5,0,0
11801,SPY,1601061603058,329.39,300,213875,329.36,329.37,329.38,200,400,100,1601061603229,1601061603071,5,0,0
11802,SPY,1601061603059,329.39,100,213876,329.36,329.37,329.38,200,400,100,1601061603229,1601061603071,5,0,0
11803,SPY,1601061603059,329.39,200,213877,329.36,329.37,329.38,200,400,100,1601061603229,1601061603071,5,0,0
11804,SPY,1601061603059,329.39,200,213878,329.36,329.37,329.38,200,400,100,1601061603229,1601061603071,5,0,0
11805,SPY,1601061603068,329.38,100,213879,329.36,329.37,329.38,200,400,100,1601061603229,1601061603071,5,0,0
11806,SPY,1601061603070,329.38,100,213880,329.36,329.37,329.38,200,400,100,1601061603229,1601061603071,5,0,0
11807,SPY,1601061603071,329.38,100,213881,329.36,329.37,329.38,200,400,100,1601061603229,1601061603071,5,0,0
11808,SPY,1601061603568,329.3673,300,213882,329.36,329.37,329.38,200,400,100,1601061603229,1601061603071,2,0,0
11809,SPY,1601061603587,329.365,100,213883,329.36,329.37,329.38,200,400,100,1601061603229,1601061603071,2,0,0
11810,SPY,1601061603718,329.36,100,213884,329.36,329.37,329.38,200,400,100,1601061603229,1601061603071,2,0,0
11811,SPY,1601061603718,329.36,100,213885,329.36,329.37,329.38,200,400,100,1601061603229,1601061603071,2,0,0
11812,SPY,1601061603721,329.365,300,213886,329.36,329.37,329.38,200,400,100,1601061603229,1601061603071,2,0,0
11813,SPY,1601061603757,329.35,100,213887,329.36,329.37,329.38,200,400,100,1601061603229,1601061603071,1,0,0
11814,SPY,1601061603758,329.355,100,213888,329.36,329.37,329.38,200,400,100,1601061603229,1601061603071,1,0,0
11815,SPY,1601061603817,329.35,100,213889,329.36,329.37,329.38,200,400,100,1601061603229,1601061603071,1,0,0
11816,SPY,1601061603843,329.3555,100,213890,329.36,329.37,329.38,200,400,100,1601061603229,1601061603071,1,0,0
11817,SPY,1601061603884,329.34,100,213891,329.36,329.37,329.38,200,400,100,1601061603229,1601061603071,1,0,0
11818,SPY,1601061604111,329.33,100,213892,329.29,329.3,329.3,800,500,100,1601061604307,1601061604324,5,0.06997681,0
11819,SPY,1601061604111,329.33,100,213893,329.29,329.3,329.3,800,500,100,1601061604307,1601061604324,5,0,0
11820,SPY,1601061604111,329.33,100,213894,329.29,329.3,329.3,800,500,100,1601061604307,1601061604324,5,0,0
11821,SPY,1601061604142,329.33,100,213895,329.29,329.3,329.3,800,500,100,1601061604307,1601061604324,5,0,0
11822,SPY,1601061604145,329.32,100,213896,329.29,329.3,329.3,800,500,100,1601061604307,1601061604324,5,0,0
11823,SPY,1601061604145,329.32,100,213897,329.29,329.3,329.3,800,500,100,1601061604307,1601061604324,5,0,0
11824,SPY,1601061604145,329.32,100,213898,329.29,329.3,329.3,800,500,100,1601061604307,1601061604324,5,0,0
11825,SPY,1601061604269,329.31,100,213899,329.29,329.3,329.3,800,500,100,1601061604307,1601061604324,5,0,0
11826,SPY,1601061604269,329.3,200,213900,329.29,329.3,329.3,800,500,100,1601061604307,1601061604324,4,0,0
11827,SPY,1601061604269,329.3,100,213901,329.29,329.3,329.3,800,500,100,1601061604307,1601061604324,4,0,0
11828,SPY,1601061604269,329.3,100,213902,329.29,329.3,329.3,800,500,100,1601061604307,1601061604324,4,0,0
11829,SPY,1601061604270,329.3,100,213903,329.29,329.3,329.3,800,500,100,1601061604307,1601061604324,4,0,0
11830,SPY,1601061604270,329.3,100,213904,329.29,329.3,329.3,800,500,100,1601061604307,1601061604324,4,0,0
11831,SPY,1601061604270,329.3,400,213905,329.29,329.3,329.3,800,500,100,1601061604307,1601061604324,4,0,0
11832,SPY,1601061604270,329.3,400,213906,329.29,329.3,329.3,800,500,100,1601061604307,1601061604324,4,0,0
11833,SPY,1601061604275,329.3,100,213907,329.29,329.3,329.3,800,500,100,1601061604307,1601061604324,4,0,0
11834,SPY,1601061604277,329.3,100,213908,329.29,329.3,329.3,800,500,100,1601061604307,1601061604324,4,0,0
11835,SPY,1601061604278,329.3,100,213909,329.29,329.3,329.3,800,500,100,1601061604307,1601061604324,4,0,0
11836,SPY,1601061604279,329.3,100,213910,329.29,329.3,329.3,800,500,100,1601061604307,1601061604324,4,0,0
11837,SPY,1601061604279,329.3,100,213911,329.29,329.3,329.3,800,500,100,1601061604307,1601061604324,4,0,0
11838,SPY,1601061604280,329.3,100,213912,329.29,329.3,329.3,800,500,100,1601061604307,1601061604324,4,0,0
11839,SPY,1601061604303,329.2911,100,213913,329.29,329.3,329.3,800,500,100,1601061604307,1601061604324,2,0,0
11840,SPY,1601061604306,329.3,100,213914,329.29,329.3,329.3,800,500,100,1601061604307,1601061604324,4,0,0
